,unixtime,price,amount
0,1714365044,62515.0,0.06616793
1,1714365044,62514.0,0.005708
2,1714365044,62511.0,0.1612
3,1714365044,62511.0,0.32
4,1714365044,62510.0,0.1612
5,1714365044,62507.0,0.039996
6,1714365044,62508.0,0.00214
7,1714365036,62520.0,0.00222945
8,1714365022,62546.0,0.00926
9,1714365015,62537.0,0.005579
10,1714365015,62540.0,0.15989756
11,1714365015,62541.0,0.029858
12,1714365015,62542.0,0.03997303
13,1714365015,62543.0,0.08
14,1714365013,62549.0,0.01573058
15,1714365008,62531.0,0.05759514
16,1714365008,62532.0,0.00558
17,1714365008,62533.0,0.03997859
18,1714365008,62534.0,0.1612
19,1714365008,62534.0,0.1612
20,1714365008,62535.0,0.029858
21,1714365003,62525.0,0.00026569
22,1714365000,62514.0,0.0026112
23,1714364989,62529.0,0.103078
24,1714364989,62529.0,0.1612
25,1714364989,62524.0,0.13
26,1714364989,62522.0,0.005722
27,1714364969,62518.0,0.03998905
28,1714364968,62518.0,0.03998905
29,1714364968,62517.0,0.03998952
30,1714364959,62518.0,0.00044
31,1714364959,62517.0,0.30004161
32,1714364959,62514.0,0.15996551
33,1714364959,62512.0,0.03999288
34,1714364933,62537.0,0.00151909
35,1714364902,62547.0,0.00336386
36,1714364898,62544.0,0.0070491
37,1714364898,62535.0,0.0002209
38,1714364854,62512.0,0.00144
39,1714364842,62500.0,0.12930968
40,1714364842,62502.0,0.03999889
41,1714364842,62499.0,0.13
42,1714364809,62504.0,0.00276
43,1714364794,62500.0,0.00071
44,1714364780,62481.0,0.04001262
45,1714364780,62480.0,0.005735
46,1714364761,62461.0,0.0400253
47,1714364747,62475.0,0.04001661
48,1714364747,62471.0,0.13
49,1714364733,62482.0,0.00065
50,1714364729,62495.0,0.16001476
51,1714364729,62492.0,0.04000512
52,1714364704,62483.0,0.00378
53,1714364700,62480.0,0.0026112
54,1714364697,62483.0,0.00039
55,1714364683,62467.0,0.00032535
56,1714364671,62486.0,0.00153
57,1714364670,62487.0,0.04000832
58,1714364655,62454.0,0.005942
59,1714364631,62452.0,0.00045552
60,1714364523,62442.0,0.00229
61,1714364481,62452.0,0.00083136
62,1714364481,62449.0,0.00220555
63,1714364449,62441.0,0.00036672
64,1714364424,62457.0,0.15791194
65,1714364424,62455.0,0.04002885
66,1714364424,62454.0,0.006684
67,1714364418,62433.0,0.00063683
68,1714364400,62417.0,0.0026112
69,1714364398,62416.0,0.00080934
70,1714364367,62446.0,0.03144441
71,1714364366,62443.0,0.00032542
72,1714364363,62444.0,0.00144
73,1714364331,62438.0,0.00060107
74,1714364329,62436.0,0.0010523
75,1714364316,62468.0,0.00199
76,1714364307,62492.0,0.04001142
77,1714364307,62491.0,0.006769
78,1714364299,62460.0,0.00070834
79,1714364289,62464.0,0.00315027
80,1714364288,62464.0,0.00434
81,1714364275,62498.0,0.00060147
82,1714364222,62498.0,0.04000256
83,1714364199,62473.0,0.04001749
84,1714364161,62488.0,0.0023
85,1714364159,62487.0,0.00157353
86,1714364159,62485.0,9.4e-07
87,1714364156,62485.0,0.04000918
88,1714364150,62487.0,0.00288
89,1714364144,62487.0,0.0023
90,1714364142,62488.0,0.00184
91,1714364126,62496.0,0.0084032
92,1714364126,62495.0,0.1612
93,1714364126,62493.0,0.006517
94,1714364126,62493.0,0.16001856
95,1714364126,62491.0,0.04000597
96,1714364126,62490.0,0.00255702
97,1714364123,62476.0,0.00108487
98,1714364123,62482.0,0.04001298
99,1714364121,62482.0,0.0003152
100,1714364121,62473.0,0.0002248
101,1714364100,62466.0,0.00459
102,1714364100,62460.0,0.0026112
103,1714364098,62466.0,0.00060722
104,1714364094,62466.0,0.0400223
105,1714364073,62464.0,0.00132
106,1714364039,62398.0,0.00143602
107,1714364004,62418.0,0.00744192
108,1714364004,62416.0,0.04005427
109,1714364003,62415.0,0.0074
110,1714363968,62440.0,0.00044
111,1714363943,62434.0,0.00680861
112,1714363943,62432.0,0.04004374
113,1714363932,62439.0,0.08708252
114,1714363932,62437.0,0.04004087
115,1714363922,62478.0,0.2610975
116,1714363922,62476.0,0.06407525
117,1714363922,62475.0,0.00077939
118,1714363922,62474.0,0.48020556
119,1714363922,62473.0,0.0002248
120,1714363922,62471.0,0.006909
121,1714363922,62470.0,0.13
122,1714363922,62469.0,0.16008148
123,1714363922,62467.0,0.0400217
124,1714363922,62467.0,0.00152752
125,1714363915,62452.0,0.00630191
126,1714363914,62452.0,0.0004
127,1714363874,62434.0,0.0001215
128,1714363874,62432.0,0.0399226
129,1714363874,62432.0,0.0001215
130,1714363863,62439.0,0.00148
131,1714363861,62436.0,0.00046948
132,1714363857,62436.0,0.00100067
133,1714363848,62447.0,0.00078
134,1714363841,62441.0,0.00045
135,1714363838,62453.0,0.00052101
136,1714363836,62449.0,0.00046602
137,1714363834,62446.0,0.0006269
138,1714363831,62435.0,0.00134376
139,1714363831,62437.0,0.00063864
140,1714363831,62436.0,0.00087624
141,1714363831,62436.0,0.00133781
142,1714363831,62436.0,0.00156016
143,1714363828,62436.0,0.00053033
144,1714363828,62436.0,0.00195848
145,1714363828,62436.0,0.00155998
146,1714363828,62438.0,0.00124396
147,1714363828,62435.0,0.00395189
148,1714363828,62435.0,0.00176683
149,1714363828,62435.0,0.00107447
150,1714363827,62435.0,0.0004033
151,1714363827,62435.0,0.00062651
152,1714363826,62441.0,0.00189384
153,1714363826,62441.0,0.0017703
154,1714363826,62441.0,0.02706042
155,1714363826,62441.0,0.00404874
156,1714363826,62434.0,0.00417528
157,1714363826,62434.0,0.00130991
158,1714363826,62434.0,0.00233781
159,1714363826,62438.0,0.00646918
160,1714363826,62438.0,0.00115018
161,1714363826,62443.0,0.01285421
162,1714363826,62440.0,0.0045335
163,1714363826,62440.0,0.0032895
164,1714363826,62437.0,0.00261745
165,1714363800,62426.0,0.0026112
166,1714363780,62424.0,0.0400493
167,1714363780,62423.0,0.008387
168,1714363648,62413.0,0.00036
169,1714363642,62400.0,0.00145
170,1714363617,62361.0,0.0005
171,1714363596,62358.0,0.1612
172,1714363596,62358.0,0.1612
173,1714363579,62352.0,0.414631
174,1714363579,62346.0,0.012531
175,1714363579,62342.0,0.04010163
176,1714363579,62341.0,0.00273637
177,1714363578,62336.0,0.32715762
178,1714363578,62332.0,0.012406
179,1714363578,62330.0,0.16043638
180,1714363576,62326.0,0.02669195
181,1714363576,62326.0,0.40126607
182,1714363576,62325.0,0.012405
183,1714363575,62324.0,0.04011354
184,1714363568,62310.0,0.15688092
185,1714363568,62310.0,0.33311908
186,1714363534,62381.0,0.00776
187,1714363531,62377.0,0.00521722
188,1714363513,62394.0,3.34e-06
189,1714363513,62394.0,0.01458
190,1714363500,62356.0,0.0026112
191,1714363398,62341.0,0.0661
192,1714363373,62369.0,0.00090452
193,1714363367,62371.0,0.00015209
194,1714363361,62352.0,0.00049
195,1714363350,62351.0,3.63e-06
196,1714363345,62351.0,0.01676
197,1714363336,62347.0,0.00030428
198,1714363323,62321.0,0.00077
199,1714363315,62338.0,5.53e-06
200,1714363315,62338.0,0.00953
201,1714363299,62310.0,0.00929842
202,1714363284,62300.0,0.00927
203,1714363278,62276.0,0.00303716
204,1714363277,62293.0,0.00442
205,1714363265,62211.0,0.00131794
206,1714363263,62211.0,0.00150358
207,1714363257,62238.0,0.00032124
208,1714363254,62231.0,0.00022849
209,1714363244,62259.0,0.00071346
210,1714363239,62211.0,0.42138751
211,1714363239,62211.0,0.42138751
212,1714363239,62211.0,0.36778031
213,1714363239,62211.0,0.36705724
214,1714363239,62211.0,0.38756929
215,1714363239,62211.0,0.32436468
216,1714363237,62220.0,0.00031931
217,1714363237,62211.0,0.59
218,1714363237,62211.0,0.38918016
219,1714363237,62211.0,0.37774312
220,1714363237,62211.0,0.32676299
221,1714363237,62211.0,0.3755921
222,1714363237,62211.0,0.3755921
223,1714363237,62211.0,0.36614716
224,1714363237,62211.0,0.36614716
225,1714363237,62211.0,0.35890065
226,1714363237,62211.0,0.32459095
227,1714363237,62211.0,0.32513215
228,1714363237,62211.0,0.1612
229,1714363237,62211.0,0.4158
230,1714363237,62211.0,0.1149
231,1714363236,62221.0,5e-05
232,1714363236,62221.0,0.0004
233,1714363236,62223.0,2.199e-05
234,1714363236,62223.0,0.0002
235,1714363225,62258.0,1e-05
236,1714363225,62258.0,0.0016
237,1714363225,62262.0,0.0026
238,1714363224,62260.0,0.00605446
239,1714363224,62260.0,0.00852887
240,1714363214,62258.0,0.15635461
241,1714363200,62270.0,0.0026112
242,1714363166,62288.0,2.523e-05
243,1714363166,62288.0,0.0079
244,1714363148,62297.0,0.0171
245,1714363148,62297.0,0.1151
246,1714363148,62297.0,0.0082
247,1714363148,62297.0,0.0016
248,1714363148,62297.0,0.1612
249,1714363148,62297.0,0.0048
250,1714363148,62297.0,0.3511
251,1714363148,62297.0,0.0004
252,1714363148,62297.0,0.0022
253,1714363148,62297.0,0.0231
254,1714363148,62297.0,0.0172
255,1714363146,62254.0,0.1612
256,1714363146,62254.0,0.1612
257,1714363143,62291.0,0.616725
258,1714363143,62226.0,0.00038929
259,1714363143,62226.0,0.24213905
260,1714363143,62226.0,0.34483038
261,1714363143,62226.0,0.9053334
262,1714363143,62226.0,0.00769717
263,1714363143,62227.0,0.00388458
264,1714363143,62236.0,0.1612
265,1714363143,62261.0,0.1612
266,1714363142,62292.0,0.0168
267,1714363142,62275.0,0.064299
268,1714363142,62275.0,0.0045
269,1714363142,62275.0,0.728601
270,1714363142,62275.0,0.0056
271,1714363142,62257.0,0.0021
272,1714363142,62257.0,0.1307
273,1714363142,62257.0,0.001
274,1714363142,62257.0,0.0139
275,1714363142,62257.0,0.0319
276,1714363142,62258.0,0.052
277,1714363142,62258.0,1.3799
278,1714363142,62258.0,0.04578318
279,1714363142,62258.0,0.10331682
280,1714363142,62258.0,0.0512856
281,1714363142,62257.0,0.5652234
282,1714363142,62257.0,0.1867
283,1714363142,62257.0,0.0599
284,1714363142,62258.0,0.2643
285,1714363142,62258.0,0.03209758
286,1714363142,62250.0,0.03211101
287,1714363142,62257.0,0.1612
288,1714363142,62239.0,0.0642681
289,1714363142,62245.0,0.1612
290,1714363142,62250.0,0.5
291,1714363142,62254.0,0.005
292,1714363142,62257.0,0.1512
293,1714363142,62257.0,0.01
294,1714363141,62285.0,0.00926495
295,1714363141,62285.0,0.00022167
296,1714363141,62300.0,0.00221593
297,1714363141,62300.0,0.00017586
298,1714363141,62300.0,0.02020063
299,1714363141,62300.0,0.01
300,1714363141,62308.0,0.00193862
301,1714363141,62315.0,0.00221522
302,1714363141,62323.0,0.001938
303,1714363141,62330.0,0.00221451
304,1714363141,62331.0,0.00032022
305,1714363141,62338.0,0.04123071
306,1714363141,62338.0,0.48420444
307,1714363141,62338.0,0.00193737
308,1714363141,62341.0,0.003
309,1714363141,62345.0,0.41385819
310,1714363141,62345.0,0.01
311,1714363141,62345.0,0.17654602
312,1714363141,62345.0,0.00221379
313,1714363141,62347.0,0.00022134
314,1714363141,62350.0,0.00039127
315,1714363141,62353.0,0.00193675
316,1714363141,62353.0,0.52526679
317,1714363141,62360.0,0.00221308
318,1714363141,62360.0,0.19421096
319,1714363141,62360.0,0.0666153
320,1714363141,62360.0,0.01
321,1714363141,62360.0,0.32938554
322,1714363141,62364.0,0.02758001
323,1714363141,62368.0,0.00193613
324,1714363141,62368.0,0.52509832
325,1714363141,62375.0,0.00221237
326,1714363141,62375.0,0.6000193
327,1714363141,62383.0,0.00193551
328,1714363141,62383.0,0.15001309
329,1714363141,62383.0,0.11346702
330,1714363141,62383.0,0.26144981
331,1714363141,62387.0,0.00031993
332,1714363141,62390.0,0.00221166
333,1714363141,62390.0,0.54982696
334,1714363140,62390.0,0.01
335,1714363140,62390.0,0.01
336,1714363140,62390.0,0.03
337,1714363140,62398.0,0.52476167
338,1714363140,62398.0,0.00193488
339,1714363140,62405.0,0.0745158
340,1714363140,62405.0,0.35392494
341,1714363140,62405.0,0.01
342,1714363140,62405.0,0.01
343,1714363140,62405.0,0.08
344,1714363140,62405.0,0.02
345,1714363140,62405.0,0.01
346,1714363140,62405.0,0.00246733
347,1714363140,62405.0,0.1132424
348,1714363140,62409.0,0.00022462
349,1714363140,62413.0,0.27855498
350,1714363140,62413.0,0.24603849
351,1714363140,62414.0,0.02
352,1714363140,62420.0,0.27836151
353,1714363140,62420.0,0.00420646
354,1714363140,62420.0,0.05
355,1714363140,62420.0,0.0106
356,1714363140,62420.0,0.0031
357,1714363140,62420.0,0.0328
358,1714363140,62420.0,0.0024
359,1714363140,62420.0,0.0117
360,1714363140,62420.0,0.0016
361,1714363140,62420.0,0.0091
362,1714363140,62420.0,0.19557458
363,1714363140,62428.0,0.52442542
364,1714363140,62430.0,0.02
365,1714363140,62435.0,0.11676707
366,1714363140,62435.0,0.48248346
367,1714363121,62487.0,0.00213
368,1714363121,62481.0,0.00032
369,1714363118,62451.0,0.042
370,1714363111,62443.0,0.02
371,1714363111,62443.0,0.02
372,1714363111,62443.0,0.19953979
373,1714363111,62443.0,0.32272729
374,1714363105,62443.0,0.00199037
375,1714363105,62462.0,0.02
376,1714363105,62462.0,0.02
377,1714363105,62470.0,0.0164076
378,1714363104,62470.0,0.00179623
379,1714363104,62470.0,0.00179617
380,1714363104,62483.0,0.0055
381,1714363104,62483.0,0.0145
382,1714363097,62505.0,0.03999726
383,1714363096,62505.0,0.03999726
384,1714363084,62537.0,0.00145
385,1714363069,62558.0,0.00696
386,1714363064,62541.0,0.03997425
387,1714363064,62534.0,0.066
388,1714363038,62539.0,0.0017
389,1714363031,62560.0,0.00229
390,1714363014,62571.0,0.00093
391,1714363011,62574.0,0.01798883
392,1714363011,62568.0,0.1598283
393,1714363011,62566.0,0.0399578
394,1714363003,62565.0,0.00144
395,1714362955,62553.0,0.00020438
396,1714362944,62559.0,0.00756
397,1714362943,62561.0,0.00392624
398,1714362934,62563.0,0.00039
399,1714362916,62594.0,0.03993993
400,1714362916,62594.0,0.15975972
401,1714362916,62593.0,0.00098123
402,1714362909,62593.0,0.00025006
403,1714362909,62593.0,0.01458333
404,1714362909,62593.0,0.00529611
405,1714362904,62596.0,0.00368113
406,1714362900,62604.0,0.0026112
407,1714362875,62579.0,0.00075
408,1714362848,62567.0,0.15982866
409,1714362848,62567.0,0.03995765
410,1714362796,62594.0,0.00115365
411,1714362785,62558.0,0.00270643
412,1714362776,62554.0,0.06396741
413,1714362772,62568.0,0.00015146
414,1714362766,62605.0,0.00604
415,1714362762,62608.0,0.11122057
416,1714362759,62611.0,0.0016636
417,1714362734,62590.0,0.0399429
418,1714362733,62590.0,0.0399429
419,1714362723,62586.0,0.00955334
420,1714362691,62588.0,0.03994425
421,1714362678,62595.0,0.00464
422,1714362654,62587.0,0.02351
423,1714362647,62587.0,0.00048053
424,1714362643,62586.0,0.00029719
425,1714362642,62586.0,0.00277595
426,1714362633,62601.0,0.00040519
427,1714362632,62601.0,0.0004428
428,1714362622,62619.0,0.0037515
429,1714362617,62645.0,0.00039
430,1714362600,62645.0,0.0026112
431,1714362600,62646.0,0.00378167
432,1714362599,62645.0,0.03990741
433,1714362588,62647.0,0.0005
434,1714362571,62652.0,0.0060541
435,1714362562,62656.0,0.0146
436,1714362554,62642.0,0.08
437,1714362540,62641.0,0.00032445
438,1714362536,62644.0,0.09581424
439,1714362536,62642.0,0.03990992
440,1714362525,62642.0,0.03990965
441,1714362521,62639.0,0.00791
442,1714362475,62660.0,0.03989818
443,1714362458,62655.0,0.00371
444,1714362443,62667.0,4.5e-06
445,1714362443,62664.0,0.0398955
446,1714362424,62647.0,0.00302719
447,1714362416,62651.0,0.0042887
448,1714362412,62654.0,0.03990187
449,1714362412,62656.0,0.159602
450,1714362412,62653.0,0.03990288
451,1714362405,62650.0,0.00104
452,1714362394,62658.0,0.00574
453,1714362394,62640.0,8.333e-05
454,1714362394,62640.0,0.0145
455,1714362370,62596.0,0.03
456,1714362349,62608.0,0.13703358
457,1714362349,62608.0,0.03993099
458,1714362315,62617.0,0.05318127
459,1714362315,62617.0,0.00433373
460,1714362315,62619.0,0.15969573
461,1714362315,62621.0,0.0043349
462,1714362315,62621.0,0.04781
463,1714362315,62628.0,0.006169
464,1714362304,62647.0,0.01387896
465,1714362304,62647.0,0.006169
466,1714362300,62657.0,0.0026112
467,1714362289,62656.0,0.05038557
468,1714362289,62650.0,0.00138557
469,1714362289,62649.0,0.041
470,1714362284,62642.0,0.0215
471,1714362277,62662.0,0.0006054
472,1714362247,62622.0,0.03992245
473,1714362227,62675.0,0.03988872
474,1714362227,62675.0,0.02771132
475,1714362227,62675.0,0.06190308
476,1714362227,62674.0,0.055
477,1714362224,62674.0,0.00229
478,1714362192,62660.0,0.0398984
479,1714362192,62659.0,0.059
480,1714362177,62657.0,0.00762
481,1714362152,62658.0,0.00359
482,1714362151,62656.0,0.00167
483,1714362133,62656.0,0.0061727
484,1714362133,62649.0,0.01207174
485,1714362131,62649.0,0.06492826
486,1714362127,62651.0,0.00228
487,1714362112,62653.0,0.00039143
488,1714362103,62658.0,0.029858
489,1714362102,62658.0,0.029858
490,1714362102,62654.0,0.055
491,1714362082,62636.0,0.00317827
492,1714362075,62610.0,0.01422592
493,1714362073,62609.0,0.00039016
494,1714362060,62610.0,0.00035741
495,1714362050,62617.0,0.00032462
496,1714362041,62625.0,0.00036435
497,1714362041,62608.0,0.069
498,1714362000,62645.0,0.0026112
499,1714361983,62650.0,0.00015136
500,1714361978,62654.0,0.08891766
501,1714361978,62651.0,0.03990412
502,1714361914,62588.0,0.075
503,1714361862,62568.0,0.00316595
504,1714361842,62559.0,0.027
505,1714361837,62550.0,0.01596036
506,1714361831,62503.0,0.00240997
507,1714361830,62504.0,0.03999678
508,1714361793,62543.0,0.00066
509,1714361783,62516.0,0.024
510,1714361772,62524.0,0.00087
511,1714361768,62494.0,0.066892
512,1714361768,62494.0,0.029858
513,1714361757,62492.0,0.029858
514,1714361757,62492.0,0.04000512
515,1714361753,62484.0,0.07
516,1714361745,62492.0,0.02
517,1714361745,62495.0,0.02
518,1714361732,62520.0,9.881e-05
519,1714361732,62520.0,0.2164
520,1714361732,62520.0,0.1611
521,1714361717,62489.0,0.02
522,1714361716,62479.0,0.1592995
523,1714361708,62491.0,0.08509666
524,1714361708,62488.0,0.00032
525,1714361708,62477.0,0.01458334
526,1714361706,62450.0,0.14540572
527,1714361705,62450.0,0.00670279
528,1714361705,62450.0,0.34
529,1714361705,62450.0,0.62444606
530,1714361705,62450.0,0.60110574
531,1714361705,62450.0,0.00449325
532,1714361705,62450.0,0.00220883
533,1714361704,62457.0,0.0173888
534,1714361700,62457.0,0.0026112
535,1714361699,62458.0,0.17840077
536,1714361699,62458.0,0.0019324
537,1714361699,62459.0,0.029858
538,1714361699,62465.0,0.00220816
539,1714361691,62473.0,0.00193178
540,1714361691,62473.0,0.18369303
541,1714361688,62475.0,0.01325813
542,1714361688,62475.0,0.029858
543,1714361688,62476.0,0.24008297
544,1714361684,62473.0,0.34022907
545,1714361684,62475.0,0.00039008
546,1714361683,62480.0,0.00220742
547,1714361682,62488.0,0.00193117
548,1714361682,62495.0,0.06199199
549,1714361667,62503.0,0.15999232
550,1714361667,62501.0,0.03999948
551,1714361640,62539.0,0.00068
552,1714361619,62567.0,0.00202
553,1714361608,62603.0,0.06392242
554,1714361594,62619.0,0.009172
555,1714361594,62621.0,0.029858
556,1714361594,62621.0,0.00838
557,1714361585,62637.0,0.008378
558,1714361584,62638.0,0.00150888
559,1714361528,62674.0,0.081
560,1714361502,62654.0,0.00168
561,1714361498,62653.0,0.00506
562,1714361490,62664.0,0.00191763
563,1714361478,62639.0,0.00030282
564,1714361447,62623.0,0.00656
565,1714361419,62624.0,0.15968318
566,1714361419,62624.0,0.03992079
567,1714361413,62637.0,0.009634
568,1714361413,62630.0,0.01458333
569,1714361411,62628.0,0.00109413
570,1714361405,62646.0,0.0003815
571,1714361400,62650.0,0.0026112
572,1714361400,62665.0,0.01546237
573,1714361400,62662.0,0.1612
574,1714361400,62653.0,0.03990281
575,1714361366,62634.0,0.00352
576,1714361352,62613.0,0.00030303
577,1714361334,62545.0,0.057
578,1714361307,62570.0,0.00291
579,1714361302,62585.0,0.076
580,1714361295,62603.0,0.00302611
581,1714361294,62628.0,0.02
582,1714361292,62636.0,0.02
583,1714361290,62643.0,0.02
584,1714361290,62644.0,0.02
585,1714361210,62691.0,0.00272284
586,1714361203,62698.0,0.00052
587,1714361189,62688.0,0.00458
588,1714361177,62679.0,0.00302533
589,1714361177,62679.0,0.00715
590,1714361177,62678.0,0.022
591,1714361148,62654.0,0.041
592,1714361140,62654.0,0.03990168
593,1714361136,62667.0,0.007461
594,1714361130,62668.0,0.0017
595,1714361128,62676.0,0.02
596,1714361128,62676.0,0.02
597,1714361118,62698.0,0.03987565
598,1714361118,62698.0,1.3e-06
599,1714361118,62697.0,0.03987435
600,1714361110,62723.0,0.00022347
601,1714361110,62720.0,0.00192179
602,1714361110,62713.0,9.667e-05
603,1714361110,62713.0,0.0021
604,1714361108,62705.0,0.00014661
605,1714361108,62705.0,0.01443672
606,1714361108,62705.0,0.06186328
607,1714361100,62704.0,0.0026112
608,1714361086,62688.0,0.031
609,1714361068,62673.0,0.03524
610,1714361065,62691.0,0.05994458
611,1714361065,62688.0,0.03988052
612,1714361064,62672.0,0.00083
613,1714361048,62659.0,0.03989898
614,1714361048,62651.0,0.035
615,1714360986,62650.0,0.033076
616,1714360984,62643.0,0.15963608
617,1714360984,62640.0,0.0399106
618,1714360958,62654.0,0.03323649
619,1714360958,62652.0,0.03990351
620,1714360956,62652.0,0.00076
621,1714360925,62668.0,0.03989315
622,1714360923,62671.0,0.03989115
623,1714360921,62666.0,0.03989404
624,1714360860,62645.0,0.03990756
625,1714360843,62647.0,0.00054896
626,1714360841,62646.0,0.00015141
627,1714360838,62643.0,0.00010917
628,1714360818,62616.0,0.01
629,1714360815,62634.0,0.00687
630,1714360809,62620.0,8.334e-05
631,1714360809,62620.0,0.0145
632,1714360800,62617.0,0.00038749
633,1714360800,62618.0,0.00222371
634,1714360799,62619.0,0.041
635,1714360799,62619.0,0.03992456
636,1714360793,62618.0,0.00558629
637,1714360738,62627.0,0.0446
638,1714360738,62627.0,0.0366
639,1714360737,62627.0,0.0038
640,1714360717,62629.0,0.00045425
641,1714360712,62616.0,0.0002895
642,1714360711,62629.0,0.0003454
643,1714360706,62629.0,0.00095271
644,1714360706,62629.0,0.0004
645,1714360702,62600.0,5.81e-06
646,1714360702,62600.0,0.9764
647,1714360702,62597.0,4.394e-05
648,1714360702,62597.0,0.0086
649,1714360695,62597.0,0.01735606
650,1714360676,62600.0,0.009492
651,1714360676,62599.0,0.029858
652,1714360660,62600.0,0.02968679
653,1714360660,62602.0,0.23961508
654,1714360660,62603.0,3.22952128
655,1714360660,62604.0,0.029858
656,1714360660,62610.0,0.1612
657,1714360660,62611.0,0.69048
658,1714360660,62615.0,0.04781
659,1714360660,62618.0,0.009828
660,1714360635,62623.0,0.00039
661,1714360635,62615.0,0.01
662,1714360617,62628.0,0.010234
663,1714360615,62626.0,0.0003276
664,1714360607,62616.0,0.078
665,1714360599,62617.0,0.00259
666,1714360598,62617.0,0.00015144
667,1714360592,62618.0,0.00743
668,1714360589,62583.0,0.033
669,1714360567,62584.0,0.00287
670,1714360564,62557.0,1.659e-05
671,1714360564,62557.0,0.0143
672,1714360539,62557.0,0.00015156
673,1714360532,62563.0,0.00011518
674,1714360500,62554.0,0.0026112
675,1714360497,62591.0,0.14656508
676,1714360497,62581.0,0.64
677,1714360497,62577.0,0.1612
678,1714360497,62570.0,0.04714046
679,1714360497,62568.0,0.010414
680,1714360497,62566.0,0.69048
681,1714360497,62566.0,0.1612
682,1714360497,62565.0,0.1612
683,1714360497,62564.0,0.39972627
684,1714360497,62563.0,0.39972627
685,1714360489,62565.0,0.00306
686,1714360485,62570.0,0.00082438
687,1714360464,62579.0,0.00133
688,1714360442,62559.0,0.00158
689,1714360402,62568.0,0.00287
690,1714360401,62582.0,0.0007946
691,1714360401,62582.0,0.00079442
692,1714360378,62608.0,0.00772
693,1714360330,62570.0,1.179e-05
694,1714360330,62570.0,0.0095
695,1714360286,62521.0,0.038
696,1714360254,62520.0,0.00031258
697,1714360246,62514.0,0.0073
698,1714360219,62505.0,0.00224775
699,1714360218,62536.0,3.33e-06
700,1714360218,62536.0,0.07899667
701,1714360218,62536.0,0.01404333
702,1714360217,62536.0,0.00054
703,1714360210,62508.0,0.00208
704,1714360203,62538.0,0.00076
705,1714360200,62519.0,0.0026112
706,1714360200,62512.0,0.046
707,1714360181,62485.0,0.0005802
708,1714360178,62498.0,0.00312
709,1714360178,62498.0,0.00030958
710,1714360172,62480.0,0.00220741
711,1714360172,62480.0,0.31520846
712,1714360171,62480.0,0.17
713,1714360171,62480.0,0.11346702
714,1714360170,62488.0,0.00193117
715,1714360170,62488.0,0.01416436
716,1714360169,62488.0,0.43
717,1714360169,62488.0,0.07959006
718,1714360161,62495.0,0.00220671
719,1714360161,62495.0,0.05027891
720,1714360160,62495.0,0.036
721,1714360160,62495.0,0.51
722,1714360160,62495.0,0.00220499
723,1714360160,62500.0,0.016
724,1714360160,62500.0,0.07974481
725,1714360160,62503.0,0.00193055
726,1714360160,62503.0,0.41011965
727,1714360160,62503.0,0.11346702
728,1714360158,62510.0,0.00413611
729,1714360158,62510.0,0.14400919
730,1714360155,62510.0,0.11346702
731,1714360149,62511.0,0.00327018
732,1714360146,62510.0,0.11346702
733,1714360132,62522.0,0.00058251
734,1714360113,62511.0,0.00126038
735,1714360112,62517.0,0.00910171
736,1714360090,62527.0,0.00030329
737,1714360077,62563.0,0.00056
738,1714360068,62566.0,0.00031531
739,1714360064,62552.0,0.00153
740,1714360063,62557.0,0.0006
741,1714360062,62539.0,0.044
742,1714360046,62554.0,0.0003
743,1714360045,62550.0,0.1612
744,1714360045,62550.0,0.1612
745,1714360045,62550.0,0.0765
746,1714360045,62550.0,0.0911
747,1714360035,62520.0,0.00124
748,1714360033,62528.0,0.00091013
749,1714360020,62510.0,0.11346702
750,1714360011,62510.0,0.00041497
751,1714359999,62511.0,0.00159
752,1714359996,62511.0,0.00144
753,1714359991,62511.0,0.00071
754,1714359990,62510.0,0.11346702
755,1714359987,62518.0,0.01173155
756,1714359970,62519.0,0.0023344
757,1714359970,62518.0,0.11346702
758,1714359968,62518.0,0.05
759,1714359961,62550.0,0.00029829
760,1714359934,62518.0,0.00475359
761,1714359934,62518.0,0.23
762,1714359934,62518.0,0.11346702
763,1714359932,62525.0,0.36548726
764,1714359932,62525.0,0.23261361
765,1714359932,62525.0,0.00220529
766,1714359932,62533.0,0.52325179
767,1714359932,62533.0,0.00192931
768,1714359932,62540.0,0.48664708
769,1714359930,62540.0,0.11126244
770,1714359930,62540.0,0.00220458
771,1714359909,62548.0,0.0145
772,1714359900,62548.0,0.0026112
773,1714359894,62541.0,0.2314
774,1714359894,62541.0,0.1612
775,1714359894,62541.0,0.1612
776,1714359894,62541.0,0.1612
777,1714359891,62548.0,0.35833897
778,1714359891,62548.0,0.16474543
779,1714359891,62548.0,0.00192869
780,1714359891,62555.0,0.59771837
781,1714359891,62555.0,0.00220388
782,1714359891,62563.0,0.08540363
783,1714359891,62563.0,0.43751352
784,1714359891,62563.0,0.00192807
785,1714359891,62570.0,0.41255841
786,1714359890,62570.0,0.11346702
787,1714359890,62570.0,0.07150184
788,1714359890,62570.0,0.00220317
789,1714359890,62578.0,0.77829499
790,1714359890,62578.0,0.0018
791,1714359890,62578.0,0.0067
792,1714359890,62578.0,0.0109
793,1714359890,62578.0,0.013
794,1714359890,62578.0,0.0002
795,1714359890,62578.0,0.007
796,1714359890,62578.0,0.0017
797,1714359890,62578.0,0.4799
798,1714359890,62578.0,0.1612
799,1714359890,62578.0,0.1612
800,1714359890,62578.0,0.11346702
801,1714359890,62578.0,0.0827
802,1714359890,62578.0,0.1612
803,1714359890,62578.0,0.1612
804,1714359890,62578.0,0.0405
805,1714359890,62578.0,0.004
806,1714359890,62578.0,0.1612
807,1714359890,62578.0,0.0004
808,1714359890,62578.0,0.0749
809,1714359890,62578.0,0.0056
810,1714359890,62578.0,0.0307
811,1714359890,62578.0,0.0003
812,1714359890,62578.0,0.89
813,1714359890,62578.0,0.0478
814,1714359890,62578.0,0.0021
815,1714359890,62578.0,0.0061
816,1714359890,62578.0,0.1053
817,1714359890,62578.0,0.01321984
818,1714359890,62578.0,0.615504
819,1714359890,62578.0,0.54
820,1714359889,62578.0,0.7
821,1714359889,62578.0,0.11346702
822,1714359888,62578.0,0.11
823,1714359888,62578.0,0.00215802
824,1714359888,62578.0,0.32
825,1714359888,62578.0,0.25
826,1714359888,62578.0,0.11346702
827,1714359888,62578.0,0.6
828,1714359887,62578.0,0.128
829,1714359875,62578.0,0.11346702
830,1714359847,62581.0,0.00021211
831,1714359845,62578.0,0.11171341
832,1714359845,62578.0,0.00175361
833,1714359845,62578.0,0.00017385
834,1714359807,62585.0,2.48e-06
835,1714359790,62589.0,0.03186534
836,1714359790,62589.0,0.00057466
837,1714359788,62585.0,0.0022
838,1714359784,62593.0,0.00192685
839,1714359780,62625.0,0.000578
840,1714359769,62612.0,0.02704866
841,1714359762,62609.0,0.00135025
842,1714359754,62597.0,0.00022009
843,1714359754,62600.0,0.00220177
844,1714359754,62600.0,0.00078018
845,1714359753,62608.0,0.00192623
846,1714359753,62615.0,0.00220107
847,1714359752,62623.0,0.00192562
848,1714359752,62630.0,2.27e-06
849,1714359752,62630.0,0.052
850,1714359752,62630.0,0.00504317
851,1714359751,62630.0,0.00504287
852,1714359735,62705.0,0.00017567
853,1714359715,62733.0,0.00046703
854,1714359685,62747.0,0.0192
855,1714359682,62747.0,0.00069
856,1714359678,62747.0,0.00411
857,1714359660,62729.0,0.00105178
858,1714359652,62731.0,0.00419029
859,1714359652,62730.0,0.00261971
860,1714359638,62690.0,8.666e-05
861,1714359638,62690.0,0.0145
862,1714359619,62661.0,0.0005
863,1714359612,62674.0,0.00015131
864,1714359600,62698.0,0.0026112
865,1714359592,62700.0,0.70286593
866,1714359592,62701.0,0.23922033
867,1714359592,62705.0,0.478419
868,1714359592,62706.0,0.1612
869,1714359552,62720.0,0.145012
870,1714359552,62721.0,0.011988
871,1714359539,62755.0,0.32
872,1714359493,62694.0,0.0004
873,1714359486,62675.0,0.00060511
874,1714359453,62666.0,0.00012474
875,1714359447,62676.0,0.00023175
876,1714359429,62666.0,0.006087
877,1714359429,62666.0,0.0024
878,1714359429,62666.0,0.1588
879,1714359429,62666.0,0.1612
880,1714359421,62680.0,0.00861
881,1714359412,62694.0,0.00049954
882,1714359411,62694.0,0.00086369
883,1714359411,62694.0,0.00086369
884,1714359410,62694.0,0.00086369
885,1714359409,62694.0,0.00086366
886,1714359407,62694.0,0.00086368
887,1714359406,62694.0,0.00086366
888,1714359405,62694.0,0.00086368
889,1714359405,62694.0,0.0008637
890,1714359404,62694.0,0.00086367
891,1714359403,62694.0,0.01
892,1714359403,62694.0,0.00086367
893,1714359403,62694.0,0.00086367
894,1714359402,62705.0,0.02
895,1714359371,62755.0,0.08450909
896,1714359341,62762.0,0.00223
897,1714359335,62772.0,0.00029768
898,1714359315,62757.0,0.00151124
899,1714359310,62751.0,0.01458
900,1714359304,62723.0,0.00567988
901,1714359303,62735.0,0.13
902,1714359300,62734.0,0.0026112
903,1714359166,62818.0,0.00802
904,1714359118,62748.0,0.00122375
905,1714359117,62754.0,0.18423821
906,1714359102,62776.0,0.00030215
907,1714359093,62771.0,0.0022
908,1714359084,62749.0,0.002
909,1714359079,62722.0,0.00058497
910,1714359074,62721.0,0.09905265
911,1714359074,62718.0,0.01018235
912,1714359040,62721.0,0.00156
913,1714359038,62714.0,0.02
914,1714359030,62741.0,0.00440099
915,1714359022,62719.0,8.339e-05
916,1714359022,62719.0,0.0047
917,1714359000,62727.0,0.0026112
918,1714358981,62725.0,0.00304765
919,1714358981,62724.0,0.0047832
920,1714358959,62722.0,0.02
921,1714358957,62728.0,0.02
922,1714358957,62733.0,0.02
923,1714358957,62739.0,0.02
924,1714358952,62747.0,0.02
925,1714358951,62755.0,0.02
926,1714358950,62769.0,0.02
927,1714358942,62797.0,0.02
928,1714358942,62800.0,0.56
929,1714358941,62800.0,0.44
930,1714358921,62828.0,0.02541741
931,1714358921,62824.0,0.00477646
932,1714358913,62813.0,0.02
933,1714358899,62817.0,0.02
934,1714358898,62818.0,0.02
935,1714358897,62825.0,0.02
936,1714358879,62832.0,0.02
937,1714358879,62834.0,0.02
938,1714358879,62837.0,0.02
939,1714358879,62838.0,0.02
940,1714358871,62847.0,0.02
941,1714358871,62851.0,0.02
942,1714358867,62848.0,0.00032653
943,1714358859,62849.0,2.28e-05
944,1714358859,62849.0,0.0002
945,1714358847,62842.0,0.00305
946,1714358847,62843.0,0.00400958
947,1714358847,62842.0,0.00432042
948,1714358833,62837.0,0.02
949,1714358832,62849.0,0.00545768
950,1714358832,62849.0,0.01
951,1714358832,62849.0,0.00431952
952,1714358832,62853.0,0.00568048
953,1714358832,62853.0,0.01
954,1714358831,62853.0,0.00431952
955,1714358829,62856.0,0.00016866
956,1714358829,62856.0,0.00202135
957,1714358829,62851.0,7.865e-05
958,1714358829,62851.0,0.0007
959,1714358827,62849.0,0.0002228
960,1714358826,62849.0,0.0002
961,1714358826,62849.0,0.0002
962,1714358826,62846.0,0.2121
963,1714358826,62846.0,0.0979
964,1714358818,62839.0,0.00156
965,1714358815,62836.0,0.02
966,1714358807,62850.0,0.19117239
967,1714358807,62849.0,0.00432056
968,1714358807,62849.0,0.0002228
969,1714358807,62848.0,0.00191657
970,1714358807,62841.0,0.0021907
971,1714358807,62840.0,0.39792823
972,1714358807,62839.0,0.00432052
973,1714358807,62839.0,0.39792823
974,1714358801,62833.0,1.718e-05
975,1714358801,62833.0,0.0019
976,1714358790,62831.0,0.00011221
977,1714358790,62826.0,0.0021914
978,1714358790,62818.0,0.00191779
979,1714358790,62811.0,9.86e-05
980,1714358789,62811.0,0.0614
981,1714358789,62811.0,0.0005
982,1714358777,62798.0,8.749e-05
983,1714358777,62786.0,0.00022314
984,1714358777,62780.0,6.937e-05
985,1714358776,62780.0,0.0094
986,1714358770,62765.0,0.02
987,1714358763,62760.0,0.00207
988,1714358762,62755.0,0.0004432
989,1714358761,62765.0,9.071e-05
990,1714358756,62747.0,0.0002466
991,1714358756,62747.0,0.00503875
992,1714358756,62721.0,0.00016125
993,1714358726,62698.0,0.01341208
994,1714358726,62697.0,8.792e-05
995,1714358726,62697.0,0.0052
996,1714358724,62687.0,0.00101
997,1714358720,62702.0,0.00092
998,1714358700,62748.0,0.0026112
999,1714358694,62770.0,0.00048
1000,1714358687,62752.0,0.00051
1001,1714358681,62722.0,0.03347432
1002,1714358661,62696.0,0.00088
1003,1714358639,62684.0,0.0047
1004,1714358639,62666.0,0.00478781
1005,1714358639,62666.0,0.0936
1006,1714358639,62666.0,0.4452
1007,1714358639,62666.0,0.15641219
1008,1714358639,62665.0,0.00478781
1009,1714358638,62631.0,0.00529421
1010,1714358638,62631.0,0.1612
1011,1714358638,62631.0,0.2321
1012,1714358638,62631.0,0.12840579
1013,1714358638,62628.0,0.00529421
1014,1714358638,62626.0,0.00529434
1015,1714358623,62585.0,0.00220247
1016,1714358622,62593.0,0.00192684
1017,1714358620,62600.0,0.00220177
1018,1714358620,62600.0,0.00038897
1019,1714358612,62608.0,0.00192623
1020,1714358611,62615.0,0.00220106
1021,1714358610,62623.0,0.00215
1022,1714358608,62623.0,0.00192561
1023,1714358608,62630.0,0.00220036
1024,1714358607,62638.0,0.00604953
1025,1714358604,62660.0,0.00219895
1026,1714358602,62666.0,0.0054329
1027,1714358600,62666.0,0.07435518
1028,1714358600,62668.0,0.00192377
1029,1714358600,62675.0,0.00219825
1030,1714358600,62675.0,0.0015228
1031,1714358594,62675.0,0.00467
1032,1714358594,62677.0,0.01533
1033,1714358582,62737.0,0.0005794
1034,1714358582,62729.0,0.00031894
1035,1714358582,62728.0,0.00638166
1036,1714358577,62707.0,0.000319
1037,1714358575,62697.0,0.00017083
1038,1714358575,62697.0,0.00014816
1039,1714358575,62697.0,0.00015184
1040,1714358574,62696.0,0.00075956
1041,1714358572,62696.0,0.000319
1042,1714358570,62697.0,0.00016714
1043,1714358570,62697.0,0.00031898
1044,1714358570,62695.0,0.00011388
1045,1714358570,62695.0,0.00020506
1046,1714358570,62694.0,9.494e-05
1047,1714358570,62694.0,0.00022406
1048,1714358570,62694.0,0.000319
1049,1714358570,62694.0,0.000319
1050,1714358570,62694.0,0.000319
1051,1714358569,62694.0,0.00031894
1052,1714358555,62695.0,0.00115106
1053,1714358555,62695.0,0.00031894
1054,1714358548,62708.0,0.00107373
1055,1714358548,62707.0,0.00392225
1056,1714358548,62705.0,0.00031896
1057,1714358548,62699.0,0.00021797
1058,1714358548,62697.0,0.00031911
1059,1714358544,62699.0,0.00010102
1060,1714358544,62697.0,0.00031898
1061,1714358536,62675.0,0.59
1062,1714358536,62690.0,0.00031708
1063,1714358536,62691.0,0.00031708
1064,1714358531,62700.0,0.07205966
1065,1714358531,62699.0,0.00433034
1066,1714358528,62698.0,0.00031708
1067,1714358527,62703.0,0.00031708
1068,1714358527,62704.0,0.00031708
1069,1714358527,62713.0,0.00031701
1070,1714358526,62722.0,0.00031701
1071,1714358525,62727.0,0.00031685
1072,1714358525,62727.0,0.00031685
1073,1714358523,62728.0,0.00031685
1074,1714358522,62729.0,0.00031685
1075,1714358518,62735.0,0.00031685
1076,1714358518,62735.0,0.00031685
1077,1714358518,62737.0,0.00031685
1078,1714358518,62737.0,0.00031685
1079,1714358518,62737.0,0.00031685
1080,1714358517,62744.0,0.00031685
1081,1714358491,62744.0,0.00048
1082,1714358483,62712.0,1.62e-06
1083,1714358483,62712.0,0.0076
1084,1714358471,62697.0,0.00060514
1085,1714358452,62681.0,0.04694292
1086,1714358451,62681.0,0.66
1087,1714358450,62681.0,0.11346702
1088,1714358450,62681.0,0.48
1089,1714358450,62681.0,0.3
1090,1714358450,62681.0,0.32
1091,1714358450,62682.0,0.0145
1092,1714358421,62681.0,0.07959006
1093,1714358420,62683.0,0.00192315
1094,1714358420,62683.0,0.52158271
1095,1714358420,62689.0,0.0011323
1096,1714358420,62690.0,0.00631748
1097,1714358420,62690.0,0.25720261
1098,1714358416,62690.0,0.3388
1099,1714358416,62691.0,0.1612
1100,1714358414,62698.0,0.00116115
1101,1714358414,62698.0,0.52025519
1102,1714358414,62700.0,0.07974481
1103,1714358413,62705.0,0.00053542
1104,1714358413,62705.0,0.51
1105,1714358413,62705.0,0.02
1106,1714358413,62705.0,0.01126733
1107,1714358412,62705.0,0.00947941
1108,1714358412,62705.0,0.00190453
1109,1714358412,62705.0,0.00190453
1110,1714358412,62705.0,0.00190453
1111,1714358412,62705.0,0.03881678
1112,1714358412,62713.0,0.00192193
1113,1714358412,62713.0,0.52125006
1114,1714358412,62720.0,0.00219615
1115,1714358412,62720.0,0.59562255
1116,1714358412,62725.0,0.00039084
1117,1714358412,62728.0,0.00192132
1118,1714358412,62728.0,0.49568875
1119,1714358412,62728.0,0.02539513
1120,1714358412,62735.0,0.00219545
1121,1714358412,62735.0,0.20765197
1122,1714358412,62735.0,0.3877807
1123,1714358412,62743.0,0.0019207
1124,1714358412,62743.0,0.4622986
1125,1714358412,62743.0,0.04747
1126,1714358412,62743.0,0.01114784
1127,1714358412,62750.0,0.00219475
1128,1714358412,62750.0,0.59524137
1129,1714358412,62754.0,0.00222
1130,1714358412,62758.0,0.00219438
1131,1714358412,62758.0,0.27600166
1132,1714358412,62758.0,0.31913854
1133,1714358412,62766.0,0.00191976
1134,1714358412,62766.0,0.51447858
1135,1714358412,62766.0,0.00618337
1136,1714358412,62773.0,0.00219368
1137,1714358412,62773.0,0.00162295
1138,1714358412,62773.0,0.06141
1139,1714358412,62773.0,0.1902147
1140,1714358412,62773.0,0.12
1141,1714358412,62773.0,0.11346702
1142,1714358412,62773.0,0.01082318
1143,1714358412,62773.0,0.06
1144,1714358411,62773.0,0.01232331
1145,1714358411,62773.0,0.01232331
1146,1714358411,62773.0,0.01232331
1147,1714358411,62773.0,0.00044282
1148,1714358411,62780.0,0.00955718
1149,1714358411,62781.0,0.00191915
1150,1714358411,62781.0,1.14457651
1151,1714358411,62781.0,0.06
1152,1714358411,62781.0,0.1612
1153,1714358411,62781.0,0.1612
1154,1714358411,62781.0,0.06
1155,1714358411,62781.0,1.14
1156,1714358411,62781.0,0.1612
1157,1714358411,62781.0,0.724631
1158,1714358411,62781.0,0.1612
1159,1714358411,62781.0,0.0005
1160,1714358411,62781.0,0.06
1161,1714358411,62781.0,0.0148
1162,1714358411,62781.0,0.0032
1163,1714358411,62781.0,0.04747
1164,1714358411,62781.0,0.12
1165,1714358411,62781.0,0.0038
1166,1714358411,62781.0,0.03384012
1167,1714358411,62781.0,0.0324
1168,1714358411,62781.0,0.0024
1169,1714358411,62781.0,0.0256
1170,1714358411,62781.0,0.016
1171,1714358411,62781.0,0.0016
1172,1714358411,62781.0,0.0243
1173,1714358411,62781.0,0.1612
1174,1714358411,62781.0,0.11346702
1175,1714358411,62781.0,0.66
1176,1714358411,62781.0,0.03707093
1177,1714358411,62781.0,0.12
1178,1714358411,62781.0,0.01
1179,1714358411,62781.0,0.1612
1180,1714358411,62781.0,0.06
1181,1714358411,62781.0,0.3299
1182,1714358411,62781.0,0.0021978
1183,1714358411,62781.0,0.0021978
1184,1714358411,62781.0,0.06
1185,1714358411,62781.0,0.0052
1186,1714358411,62781.0,0.0254
1187,1714358411,62781.0,0.0132
1188,1714358411,62781.0,0.0028
1189,1714358411,62781.0,0.1612
1190,1714358411,62781.0,0.06
1191,1714358411,62781.0,0.0003
1192,1714358411,62781.0,0.0448
1193,1714358411,62781.0,0.0223
1194,1714358411,62781.0,0.0011
1195,1714358411,62781.0,0.1612
1196,1714358411,62781.0,0.0472
1197,1714358411,62781.0,0.0246
1198,1714358411,62781.0,0.1612
1199,1714358411,62781.0,0.1741
1200,1714358411,62781.0,0.83403256
1201,1714358411,62781.0,0.0186
1202,1714358411,62781.0,0.6024
1203,1714358411,62781.0,1.84061446
1204,1714358411,62781.0,6.153
1205,1714358411,62781.0,0.0011
1206,1714358411,62781.0,0.0043
1207,1714358411,62781.0,0.1612
1208,1714358411,62781.0,0.1612
1209,1714358411,62781.0,0.0021
1210,1714358411,62781.0,0.0081
1211,1714358411,62781.0,0.0012
1212,1714358411,62781.0,0.1612
1213,1714358411,62781.0,0.39
1214,1714358411,62781.0,0.19
1215,1714358411,62781.0,1.13
1216,1714358411,62781.0,0.01
1217,1714358411,62781.0,0.0295
1218,1714358411,62781.0,1.78319021
1219,1714358411,62781.0,0.0599
1220,1714358411,62781.0,0.11346702
1221,1714358411,62781.0,0.6823
1222,1714358411,62781.0,0.724631
1223,1714358411,62781.0,0.1612
1224,1714358411,62781.0,0.0283
1225,1714358411,62781.0,0.613149
1226,1714358411,62781.0,0.58834402
1227,1714358411,62781.0,0.1612
1228,1714358411,62781.0,0.77
1229,1714358411,62781.0,0.6485564
1230,1714358411,62781.0,0.1612
1231,1714358411,62781.0,0.47107288
1232,1714358411,62781.0,0.0009
1233,1714358411,62781.0,0.0366
1234,1714358411,62781.0,0.44674785
1235,1714358411,62781.0,0.0142
1236,1714358411,62781.0,0.13935317
1237,1714358411,62781.0,0.0014
1238,1714358411,62781.0,0.0023
1239,1714358411,62781.0,0.13935317
1240,1714358411,62781.0,0.0058
1241,1714358411,62781.0,0.0045
1242,1714358411,62781.0,0.13935317
1243,1714358411,62781.0,0.0639
1244,1714358411,62781.0,0.0156
1245,1714358411,62781.0,0.42
1246,1714358411,62781.0,0.0143
1247,1714358411,62781.0,0.1612
1248,1714358411,62781.0,0.24
1249,1714358411,62781.0,0.6456
1250,1714358411,62781.0,0.3075
1251,1714358411,62781.0,0.52
1252,1714358411,62781.0,0.28
1253,1714358411,62781.0,0.1612
1254,1714358411,62781.0,1.9
1255,1714358411,62781.0,0.62
1256,1714358411,62781.0,0.72638
1257,1714358400,62793.0,0.0026112
1258,1714358398,62804.0,0.00146
1259,1714358384,62781.0,7.735
1260,1714358384,62781.0,0.37343117
1261,1714358384,62781.0,0.36509056
1262,1714358383,62785.0,0.00022263
1263,1714358383,62788.0,0.00219299
1264,1714358378,62793.0,0.029858
1265,1714358377,62793.0,0.01725
1266,1714358371,62790.0,0.03981499
1267,1714358371,62796.0,0.00191854
1268,1714358371,62803.0,0.00219228
1269,1714358371,62811.0,0.00191793
1270,1714358365,62818.0,0.00219158
1271,1714358363,62819.0,0.00033211
1272,1714358352,62826.0,0.00160628
1273,1714358333,62890.0,2.182e-05
1274,1714358333,62890.0,0.0636
1275,1714358332,62906.0,0.0094384
1276,1714358332,62910.0,0.029858
1277,1714358332,62907.0,0.0397415
1278,1714358328,62904.0,0.00036
1279,1714358310,62895.0,0.00671751
1280,1714358289,62882.0,0.00032
1281,1714358269,62841.0,0.00120738
1282,1714358255,62827.0,0.00739
1283,1714358249,62846.0,0.01998518
1284,1714358249,62843.0,0.018206
1285,1714358249,62841.0,0.15913422
1286,1714358249,62840.0,0.1612
1287,1714358249,62826.0,0.00031104
1288,1714358236,62833.0,0.00219089
1289,1714358236,62841.0,0.00191671
1290,1714358236,62848.0,0.00219019
1291,1714358232,62851.0,0.00038656
1292,1714358226,62856.0,0.00218982
1293,1714358224,62864.0,0.00191578
1294,1714358223,62871.0,0.00218912
1295,1714358222,62879.0,0.00191517
1296,1714358222,62886.0,0.00218842
1297,1714358221,62894.0,0.00191456
1298,1714358221,62901.0,0.00020306
1299,1714358221,62901.0,0.008
1300,1714358220,62910.0,0.00022198
1301,1714358206,62931.0,0.00218634
1302,1714358204,62941.0,0.00076
1303,1714358192,62939.0,0.00218597
1304,1714358191,62947.0,0.00191241
1305,1714358190,62954.0,0.00218527
1306,1714358190,62955.0,0.00079421
1307,1714358189,62962.0,0.00191176
1308,1714358186,62969.0,0.00218458
1309,1714358186,62973.0,0.00022164
1310,1714358186,62976.0,0.00038853
1311,1714358186,62977.0,0.00191119
1312,1714358180,62987.0,0.00199977
1313,1714358175,63010.0,0.00286
1314,1714358154,62984.0,0.00218389
1315,1714358152,62992.0,0.00191059
1316,1714358147,62993.0,8.43e-05
1317,1714358123,62998.0,0.01458
1318,1714358118,62999.0,0.00047619
1319,1714358118,62999.0,0.00218319
1320,1714358118,63007.0,1.248e-05
1321,1714358118,63007.0,0.00217034
1322,1714358118,63015.0,9.66e-06
1323,1714358118,63015.0,0.0019
1324,1714358118,63022.0,0.00218213
1325,1714358117,63030.0,0.00190905
1326,1714358117,63037.0,0.00112525
1327,1714358117,63038.0,0.00766
1328,1714358113,63041.0,0.0011
1329,1714358112,63065.0,8e-06
1330,1714358112,63065.0,0.04744
1331,1714358100,63067.0,0.0026112
1332,1714358081,63087.0,0.00474
1333,1714358045,63084.0,0.01333414
1334,1714358045,63083.0,0.00475586
1335,1714358030,63092.0,0.03962514
1336,1714358030,63091.0,0.029858
1337,1714358019,63080.0,0.09727764
1338,1714358019,63080.0,0.005941
1339,1714358019,63082.0,0.03963054
1340,1714358019,63080.0,0.15852695
1341,1714358019,63081.0,0.03963116
1342,1714358018,63081.0,0.005941
1343,1714358018,63080.0,2.1e-07
1344,1714358018,63080.0,0.00594079
1345,1714358018,63081.0,0.03963116
1346,1714358018,63080.0,0.04557195
1347,1714358018,63081.0,0.005941
1348,1714358018,63082.0,0.03963095
1349,1714358017,63080.0,0.15258595
1350,1714358017,63081.0,0.005941
1351,1714358017,63082.0,0.03963095
1352,1714358017,63082.0,0.005941
1353,1714358017,63081.0,0.005941
1354,1714358016,63080.0,0.1612
1355,1714358016,63080.0,0.12156905
1356,1714358016,63080.0,0.029858
1357,1714358016,63082.0,0.03963095
1358,1714358016,63081.0,0.15142757
1359,1714358016,63082.0,0.03963043
1360,1714358015,63080.0,0.23778612
1361,1714358015,63081.0,0.029858
1362,1714358015,63080.0,0.23778612
1363,1714358015,63080.0,0.029858
1364,1714358014,63080.0,0.19815574
1365,1714358014,63080.0,0.00475548
1366,1714358014,63080.0,0.06681374
1367,1714358014,63080.0,0.131342
1368,1714358014,63081.0,0.029858
1369,1714358014,63082.0,0.03963038
1370,1714358014,63080.0,0.03963038
1371,1714358014,63081.0,0.1612
1372,1714358014,63082.0,0.03963038
1373,1714358014,63083.0,0.029858
1374,1714358013,63080.0,0.1612
1375,1714358013,63080.0,0.00475548
1376,1714358013,63080.0,0.12156847
1377,1714358013,63082.0,0.03963038
1378,1714358013,63083.0,0.029858
1379,1714358013,63080.0,0.03963153
1380,1714358013,63081.0,0.00977353
1381,1714358013,63082.0,0.029858
1382,1714358012,63081.0,0.03963153
1383,1714358012,63082.0,0.005811
1384,1714358012,63081.0,0.12866814
1385,1714358012,63082.0,0.029858
1386,1714358012,63082.0,0.15271514
1387,1714358012,63083.0,0.005811
1388,1714358011,63082.0,0.06681389
1389,1714358011,63082.0,0.1612
1390,1714358011,63083.0,0.005811
1391,1714358011,63082.0,0.22801389
1392,1714358011,63083.0,0.005811
1393,1714358011,63083.0,0.15852614
1394,1714358011,63083.0,0.029858
1395,1714358011,63083.0,0.03962975
1396,1714358011,63083.0,0.005811
1397,1714358008,63083.0,0.005811
1398,1714358008,63083.0,0.005811
1399,1714358008,63080.0,0.1612
1400,1714358008,63080.0,0.1612
1401,1714358008,63083.0,0.005811
1402,1714358008,63084.0,0.029858
1403,1714358008,63083.0,0.005811
1404,1714358008,63084.0,0.029858
1405,1714358008,63080.0,0.02510267
1406,1714358008,63081.0,0.15852614
1407,1714358008,63081.0,0.23778009
1408,1714358008,63083.0,0.005811
1409,1714358008,63080.0,0.13609733
1410,1714358008,63080.0,0.1612
1411,1714358008,63080.0,0.20557874
1412,1714358008,63081.0,0.005811
1413,1714358008,63083.0,0.03487442
1414,1714358007,63084.0,0.029858
1415,1714358007,63083.0,0.00475533
1416,1714358007,63080.0,0.03220135
1417,1714358007,63080.0,0.1612
1418,1714358007,63080.0,0.00475533
1419,1714358007,63081.0,0.029858
1420,1714358007,63084.0,0.005811
1421,1714358007,63080.0,0.005811
1422,1714358007,63081.0,0.15852614
1423,1714358007,63082.0,0.03963054
1424,1714358007,63083.0,0.029858
1425,1714358006,63081.0,0.0396311
1426,1714358006,63082.0,0.25319284
1427,1714358006,63083.0,0.029858
1428,1714358006,63083.0,0.15852131
1429,1714358006,63086.0,0.03962785
1430,1714357999,63083.0,0.0030064
1431,1714357970,63078.0,4.9e-07
1432,1714357970,63075.0,0.03963578
1433,1714357963,63073.0,0.02273
1434,1714357931,63066.0,0.0043
1435,1714357922,63067.0,0.00053
1436,1714357909,63093.0,0.03962467
1437,1714357870,63099.0,0.00234
1438,1714357867,63094.0,0.00486289
1439,1714357867,63093.0,0.00193711
1440,1714357863,63093.0,0.00090178
1441,1714357818,63112.0,0.00228
1442,1714357818,63112.0,0.03961252
1443,1714357818,63112.0,0.01174444
1444,1714357813,63111.0,0.029858
1445,1714357805,63106.0,0.2376825
1446,1714357805,63107.0,0.15845934
1447,1714357805,63110.0,0.03961276
1448,1714357805,63110.0,0.029858
1449,1714357800,63110.0,0.0026112
1450,1714357789,63110.0,0.01
1451,1714357789,63110.0,0.01
1452,1714357789,63109.0,0.053
1453,1714357789,63106.0,0.02347173
1454,1714357778,63106.0,0.00295167
1455,1714357775,63106.0,0.0006366
1456,1714357773,63105.0,0.02620375
1457,1714357773,63105.0,0.005961
1458,1714357773,63105.0,0.029858
1459,1714357773,63105.0,0.2376776
1460,1714357773,63105.0,0.03961651
1461,1714357773,63105.0,0.15846604
1462,1714357773,63106.0,0.00294
1463,1714357769,63101.0,0.01498236
1464,1714357768,63101.0,0.00294555
1465,1714357762,63101.0,0.00284834
1466,1714357757,63101.0,0.00691375
1467,1714357757,63100.0,0.00067625
1468,1714357752,63101.0,0.00231
1469,1714357728,63088.0,0.00228
1470,1714357711,63085.0,0.00316
1471,1714357700,63093.0,0.00030061
1472,1714357680,63077.0,0.00087313
1473,1714357652,63076.0,0.00046
1474,1714357642,63074.0,0.00090201
1475,1714357609,63103.0,0.00083
1476,1714357597,63096.0,0.03962216
1477,1714357577,63074.0,0.00083633
1478,1714357559,63101.0,0.03
1479,1714357508,63120.0,0.00757
1480,1714357506,63122.0,0.14299994
1481,1714357506,63120.0,0.0026472
1482,1714357506,63120.0,0.0396073
1483,1714357506,63119.0,0.01458333
1484,1714357500,63115.0,0.0026112
1485,1714357498,63117.0,0.00015228
1486,1714357488,63122.0,0.0046
1487,1714357486,63121.0,0.03960687
1488,1714357486,63117.0,0.03
1489,1714357486,63111.0,0.03
1490,1714357445,63110.0,0.03961363
1491,1714357445,63110.0,0.00053
1492,1714357444,63109.0,0.00061
1493,1714357433,63107.0,0.00043793
1494,1714357427,63094.0,0.03962341
1495,1714357427,63093.0,0.00875843
1496,1714357406,63073.0,0.00917357
1497,1714357389,63084.0,0.00236
1498,1714357387,63082.0,0.00185
1499,1714357375,63067.0,0.00032532
1500,1714357367,63071.0,0.00184
1501,1714357321,63048.0,0.00191353
1502,1714357320,63056.0,9.023e-05
1503,1714357289,63037.0,0.00105618
1504,1714357288,63045.0,0.00190844
1505,1714357286,63052.0,0.00218074
1506,1714357285,63060.0,0.00218037
1507,1714357285,63069.0,0.01367088
1508,1714357285,63069.0,0.03963912
1509,1714357285,63068.0,7.51e-06
1510,1714357285,63068.0,0.0019
1511,1714357279,63075.0,0.00217969
1512,1714357265,63083.0,0.00190691
1513,1714357265,63090.0,0.00217899
1514,1714357264,63098.0,0.00190631
1515,1714357261,63100.0,0.00079239
1516,1714357261,63102.0,0.00039042
1517,1714357261,63105.0,9.62e-06
1518,1714357261,63105.0,0.062
1519,1714357235,63129.0,0.00877
1520,1714357227,63136.0,0.03959753
1521,1714357227,63136.0,0.01419334
1522,1714357219,63136.0,0.00039
1523,1714357200,63136.0,0.0026112
1524,1714357182,63141.0,0.03959442
1525,1714357173,63142.0,0.00152
1526,1714357095,63156.0,0.00231
1527,1714357081,63158.0,0.0003003
1528,1714357074,63153.0,0.03958699
1529,1714357065,63153.0,0.00227
1530,1714357054,63172.0,0.00085434
1531,1714357037,63179.0,0.01971918
1532,1714357035,63179.0,0.00065403
1533,1714357010,63193.0,0.0001501
1534,1714356990,63179.0,0.0034292
1535,1714356990,63178.0,0.0008708
1536,1714356980,63173.0,0.00088648
1537,1714356980,63163.0,0.01
1538,1714356980,63161.0,0.01
1539,1714356964,63141.0,0.00037
1540,1714356958,63142.0,0.00077831
1541,1714356932,63147.0,0.01786834
1542,1714356932,63145.0,0.03959166
1543,1714356930,63144.0,0.00723
1544,1714356909,63142.0,3.33e-06
1545,1714356909,63142.0,0.01322
1546,1714356907,63142.0,0.00136
1547,1714356900,63133.0,0.0026112
1548,1714356890,63152.0,0.00015016
1549,1714356881,63154.0,0.02800531
1550,1714356881,63153.0,0.01
1551,1714356881,63153.0,0.01
1552,1714356881,63151.0,0.03958784
1553,1714356880,63151.0,0.03958784
1554,1714356880,63148.0,0.01
1555,1714356845,63136.0,0.15894343
1556,1714356828,63128.0,0.27864121
1557,1714356822,63143.0,0.10367736
1558,1714356822,63140.0,0.03959476
1559,1714356804,63129.0,0.00032507
1560,1714356796,63123.0,0.00164824
1561,1714356765,63141.0,0.03959442
1562,1714356745,63151.0,0.00079115
1563,1714356707,63243.0,0.00037
1564,1714356705,63244.0,0.15468241
1565,1714356705,63242.0,0.03953112
1566,1714356701,63245.0,0.15811619
1567,1714356701,63243.0,0.03953033
1568,1714356682,63247.0,0.11799243
1569,1714356682,63247.0,0.009446
1570,1714356682,63244.0,0.03952979
1571,1714356682,63244.0,0.00187813
1572,1714356681,63244.0,0.00075
1573,1714356644,63224.0,0.00435297
1574,1714356644,63217.0,0.01230403
1575,1714356641,63219.0,0.0017993
1576,1714356629,63246.0,0.00048
1577,1714356611,63260.0,0.11920967
1578,1714356611,63257.0,0.03952185
1579,1714356600,63258.0,0.0026112
1580,1714356590,63262.0,0.00083755
1581,1714356578,63273.0,0.03951042
1582,1714356563,63249.0,0.00050981
1583,1714356534,63209.0,0.03955192
1584,1714356518,63216.0,0.00429529
1585,1714356518,63211.0,0.15820031
1586,1714356518,63210.0,0.03955122
1587,1714356468,63207.0,0.00030012
1588,1714356459,63201.0,0.00295
1589,1714356427,63204.0,0.0039302
1590,1714356427,63201.0,0.0029498
1591,1714356427,63200.0,0.00032
1592,1714356394,63190.0,1.13e-06
1593,1714356394,63188.0,0.1612
1594,1714356394,63185.0,0.0395667
1595,1714356394,63185.0,0.15826566
1596,1714356372,63197.0,0.00047191
1597,1714356334,63215.0,0.00771366
1598,1714356334,63215.0,0.00671634
1599,1714356333,63215.0,0.00121
1600,1714356332,63215.0,0.006657
1601,1714356302,63237.0,0.00842227
1602,1714356300,63236.0,0.0026112
1603,1714356252,63241.0,0.00214
1604,1714356244,63245.0,0.00074
1605,1714356239,63247.0,0.01404309
1606,1714356239,63247.0,0.00041691
1607,1714356202,63232.0,0.00030512
1608,1714356192,63248.0,0.00164
1609,1714356189,63244.0,0.00705
1610,1714356149,63252.0,0.01
1611,1714356149,63251.0,0.0073094
1612,1714356145,63251.0,0.00217186
1613,1714356095,63251.0,0.00051874
1614,1714356095,63249.0,0.00254097
1615,1714356086,63246.0,0.01
1616,1714356086,63245.0,0.01
1617,1714356086,63243.0,0.0075
1618,1714356067,63243.0,0.0025
1619,1714356067,63237.0,0.01
1620,1714356067,63235.0,0.01
1621,1714356067,63235.0,0.01
1622,1714356024,63229.0,0.09665793
1623,1714356024,63229.0,0.15815742
1624,1714356024,63227.0,0.03954063
1625,1714356021,63239.0,0.00250412
1626,1714356021,63232.0,0.01
1627,1714356021,63230.0,0.01458333
1628,1714356021,63230.0,0.00952838
1629,1714356008,63230.0,0.00047162
1630,1714356005,63224.0,0.01
1631,1714356000,63212.0,0.0026112
1632,1714355981,63222.0,0.00097
1633,1714355976,63223.0,0.00690089
1634,1714355976,63222.0,0.00120664
1635,1714355976,63222.0,0.029858
1636,1714355946,63215.0,9.599e-05
1637,1714355930,63213.0,0.001
1638,1714355926,63200.0,0.10120494
1639,1714355926,63200.0,0.1612
1640,1714355926,63201.0,0.47467603
1641,1714355926,63203.0,0.00429486
1642,1714355926,63204.0,0.13
1643,1714355926,63205.0,0.00429472
1644,1714355926,63206.0,0.47463803
1645,1714355926,63210.0,0.15820247
1646,1714355926,63210.0,0.006476
1647,1714355926,63211.0,0.0395498
1648,1714355926,63211.0,0.029858
1649,1714355921,63220.0,0.00014999
1650,1714355918,63221.0,0.00055
1651,1714355897,63216.0,0.00059128
1652,1714355870,63189.0,0.00082097
1653,1714355839,63198.0,0.00429423
1654,1714355838,63196.0,0.03955979
1655,1714355833,63198.0,0.01443
1656,1714355816,63217.0,0.00073
1657,1714355812,63217.0,0.00014852
1658,1714355796,63223.0,0.00525094
1659,1714355796,63225.0,0.0395428
1660,1714355796,63223.0,0.00167
1661,1714355793,63222.0,0.00026302
1662,1714355793,63221.0,0.00048698
1663,1714355777,63202.0,0.03908114
1664,1714355777,63201.0,0.0343562
1665,1714355761,63198.0,0.00046248
1666,1714355757,63197.0,0.03955937
1667,1714355748,63211.0,0.0042938
1668,1714355747,63217.0,0.04478
1669,1714355747,63217.0,0.1287
1670,1714355747,63217.0,0.3558
1671,1714355747,63217.0,0.1612
1672,1714355747,63218.0,0.00429357
1673,1714355737,63233.0,0.00143
1674,1714355734,63234.0,0.00540806
1675,1714355734,63228.0,0.00366194
1676,1714355719,63228.0,0.00633806
1677,1714355714,63231.0,0.00458333
1678,1714355714,63225.0,0.00458333
1679,1714355700,63224.0,0.0026112
1680,1714355676,63238.0,0.00059979
1681,1714355674,63233.0,0.00015529
1682,1714355674,63238.0,0.03953338
1683,1714355652,63243.0,0.03953036
1684,1714355652,63243.0,0.03953036
1685,1714355652,63242.0,0.00095258
1686,1714355643,63232.0,0.00091752
1687,1714355624,63232.0,0.00096394
1688,1714355618,63234.0,0.00299929
1689,1714355617,63234.0,0.00645807
1690,1714355608,63236.0,0.00036117
1691,1714355600,63239.0,0.00144
1692,1714355556,63242.0,0.00136
1693,1714355494,63229.0,0.03953903
1694,1714355446,63202.0,0.00502
1695,1714355441,63202.0,0.00473
1696,1714355419,63225.0,0.01366722
1697,1714355419,63222.0,0.00678334
1698,1714355410,63222.0,0.0006
1699,1714355409,63222.0,0.0072
1700,1714355400,63198.0,0.0026112
1701,1714355367,63192.0,0.00185
1702,1714355355,63172.0,0.00353
1703,1714355354,63172.0,0.00157
1704,1714355327,63167.0,0.00126458
1705,1714355255,63184.0,0.00833334
1706,1714355237,63190.0,0.00145
1707,1714355218,63199.0,0.03412434
1708,1714355218,63197.0,0.0007368
1709,1714355218,63197.0,0.0395591
1710,1714355205,63209.0,0.00015005
1711,1714355205,63207.0,0.00114414
1712,1714355200,63210.0,0.00197
1713,1714355168,63204.0,0.03955616
1714,1714355164,63203.0,0.00582
1715,1714355159,63194.0,0.00984469
1716,1714355156,63186.0,0.00074591
1717,1714355132,63198.0,0.00039249
1718,1714355124,63201.0,0.00228
1719,1714355116,63211.0,0.01991604
1720,1714355116,63209.0,0.00611396
1721,1714355116,63209.0,0.00846937
1722,1714355100,63209.0,0.0026112
1723,1714355092,63215.0,0.03954805
1724,1714355071,63233.0,0.01
1725,1714355071,63232.0,0.03953711
1726,1714355029,63193.0,0.03956155
1727,1714355002,63196.0,0.0023
1728,1714354980,63227.0,0.03954062
1729,1714354978,63223.0,0.00073
1730,1714354967,63230.0,0.00368096
1731,1714354967,63230.0,0.03953865
1732,1714354967,63230.0,0.00298339
1733,1714354954,63224.0,0.03517813
1734,1714354954,63224.0,0.00524293
1735,1714354954,63225.0,0.006503
1736,1714354954,63226.0,0.03954034
1737,1714354952,63230.0,0.00534994
1738,1714354952,63230.0,0.00166667
1739,1714354952,63220.0,0.01
1740,1714354952,63216.0,0.00833333
1741,1714354952,63216.0,0.01
1742,1714354947,63213.0,0.01
1743,1714354947,63212.0,0.01
1744,1714354927,63198.0,0.00060026
1745,1714354926,63196.0,0.00661
1746,1714354907,63208.0,0.00398327
1747,1714354907,63205.0,0.00262939
1748,1714354906,63211.0,2.11e-06
1749,1714354906,63209.0,0.03955153
1750,1714354906,63206.0,0.01
1751,1714354905,63203.0,0.00255304
1752,1714354905,63203.0,0.03955537
1753,1714354905,63203.0,0.01
1754,1714354862,63209.0,0.00048
1755,1714354852,63229.0,8.998e-05
1756,1714354842,63233.0,0.00359867
1757,1714354813,63276.0,0.01186396
1758,1714354813,63277.0,0.03950921
1759,1714354813,63277.0,0.15803583
1760,1714354800,63280.0,0.0026112
1761,1714354784,63286.0,0.03950344
1762,1714354780,63284.0,0.13658463
1763,1714354780,63282.0,0.03950609
1764,1714354754,63309.0,0.00039
1765,1714354717,63316.0,0.01
1766,1714354717,63315.0,0.00144816
1767,1714354703,63305.0,0.01
1768,1714354695,63303.0,0.00084
1769,1714354689,63296.0,0.00149214
1770,1714354689,63299.0,0.007245
1771,1714354669,63295.0,0.00084
1772,1714354666,63301.0,0.00059951
1773,1714354662,63297.0,0.00157
1774,1714354654,63274.0,0.03951109
1775,1714354653,63271.0,0.00833333
1776,1714354648,63276.0,0.01418722
1777,1714354648,63275.0,0.006964
1778,1714354644,63301.0,0.00227
1779,1714354629,63320.0,8e-06
1780,1714354628,63320.0,0.02985
1781,1714354622,63330.0,0.02985
1782,1714354609,63333.0,0.26702322
1783,1714354609,63333.0,0.32096979
1784,1714354609,63333.0,0.00216803
1785,1714354609,63326.0,0.00031774
1786,1714354608,63325.0,0.19748668
1787,1714354608,63325.0,0.31709116
1788,1714354608,63325.0,0.00047384
1789,1714354601,63325.0,0.0014235
1790,1714354593,63321.0,0.00031777
1791,1714354592,63318.0,0.27111028
1792,1714354592,63318.0,0.31706846
1793,1714354592,63318.0,0.00216871
1794,1714354591,63310.0,0.00189794
1795,1714354591,63310.0,0.19479305
1796,1714354591,63310.0,0.31994734
1797,1714354591,63303.0,0.15346632
1798,1714354591,63303.0,0.43489833
1799,1714354591,63303.0,0.0021694
1800,1714354590,63295.0,0.00216977
1801,1714354590,63295.0,0.58846374
1802,1714354590,63290.0,0.00022049
1803,1714354590,63287.0,0.00189885
1804,1714354588,63283.0,0.00034326
1805,1714354587,63280.0,0.00217046
1806,1714354587,63279.0,0.029858
1807,1714354587,63272.0,0.00189946
1808,1714354587,63265.0,0.05007412
1809,1714354580,63265.0,0.00087
1810,1714354568,63264.0,0.00031781
1811,1714354565,63255.0,0.03834181
1812,1714354565,63255.0,0.00474233
1813,1714354565,63257.0,0.005167
1814,1714354565,63258.0,0.029858
1815,1714354561,63265.0,0.00067
1816,1714354556,63253.0,0.00059965
1817,1714354552,63261.0,0.00098
1818,1714354550,63257.0,0.00095
1819,1714354548,63231.0,0.00032
1820,1714354546,63220.0,4.3e-07
1821,1714354541,63215.0,0.00193573
1822,1714354527,63206.0,0.01868
1823,1714354527,63205.0,0.00108226
1824,1714354512,63206.0,0.00132
1825,1714354510,63204.0,0.01356334
1826,1714354509,63204.0,0.00102
1827,1714354500,63195.0,0.0026112
1828,1714354472,63200.0,0.00112
1829,1714354465,63197.0,0.03403166
1830,1714354465,63197.0,0.15823584
1831,1714354465,63196.0,0.01
1832,1714354465,63195.0,0.03956034
1833,1714354465,63195.0,0.03956034
1834,1714354448,63189.0,0.03956425
1835,1714354448,63189.0,0.00061248
1836,1714354439,63191.0,0.00043935
1837,1714354417,63193.0,0.00047
1838,1714354406,63169.0,0.03957669
1839,1714354402,63170.0,0.10062171
1840,1714354402,63169.0,0.03957679
1841,1714354402,63169.0,0.02059727
1842,1714354384,63177.0,0.00180016
1843,1714354372,63181.0,0.03957094
1844,1714354372,63173.0,0.00818323
1845,1714354361,63173.0,0.00015011
1846,1714354341,63173.0,0.02990978
1847,1714354331,63173.0,9.022e-05
1848,1714354322,63166.0,0.00084
1849,1714354315,63167.0,0.0004
1850,1714354287,63180.0,0.00015128
1851,1714354278,63185.0,0.00030019
1852,1714354278,63186.0,0.03956587
1853,1714354278,63184.0,0.23742179
1854,1714354273,63179.0,0.0017656
1855,1714354256,63172.0,0.00096092
1856,1714354250,63168.0,0.00234395
1857,1714354246,63171.0,0.00121
1858,1714354242,63180.0,0.13222061
1859,1714354242,63176.0,0.005861
1860,1714354242,63163.0,0.07845008
1861,1714354216,63152.0,0.01458333
1862,1714354200,63154.0,0.0026112
1863,1714354192,63154.0,0.00303
1864,1714354165,63148.0,0.00157
1865,1714354156,63149.0,0.029858
1866,1714354119,63114.0,0.11563572
1867,1714354119,63113.0,0.04280827
1868,1714354100,63136.0,0.00048
1869,1714354094,63130.0,0.0695953
1870,1714354094,63132.0,0.03959933
1871,1714354094,63135.0,0.006349
1872,1714354094,63136.0,0.23757484
1873,1714354094,63137.0,0.029858
1874,1714354088,63150.0,0.00171
1875,1714354085,63125.0,0.00772333
1876,1714354072,63119.0,0.065499
1877,1714354069,63126.0,0.00066
1878,1714354063,63112.0,0.07240922
1879,1714354053,63113.0,0.00061
1880,1714354028,63110.0,0.03961378
1881,1714354021,63127.0,0.00162
1882,1714353988,63134.0,0.005235
1883,1714353988,63134.0,0.006265
1884,1714353984,63116.0,0.01666667
1885,1714353984,63116.0,0.04375
1886,1714353966,63089.0,0.03962699
1887,1714353966,63089.0,0.15850647
1888,1714353958,63089.0,9.018e-05
1889,1714353947,63089.0,0.00085
1890,1714353907,63094.0,0.03962375
1891,1714353904,63101.0,0.13733099
1892,1714353904,63100.0,0.03961994
1893,1714353904,63100.0,0.00266709
1894,1714353900,63094.0,0.0026112
1895,1714353886,63100.0,0.00296
1896,1714353884,63095.0,0.00099
1897,1714353853,63098.0,0.15848432
1898,1714353853,63096.0,0.0396225
1899,1714353845,63090.0,0.00048
1900,1714353803,63091.0,0.09572414
1901,1714353803,63089.0,0.03962673
1902,1714353783,63097.0,0.03962314
1903,1714353783,63095.0,0.00364
1904,1714353781,63095.0,0.00219735
1905,1714353777,63100.0,0.00039
1906,1714353758,63095.0,0.00264
1907,1714353747,63073.0,0.03963625
1908,1714353743,63073.0,0.03963689
1909,1714353739,63069.0,0.09590341
1910,1714353739,63075.0,0.00217968
1911,1714353739,63083.0,6.91e-06
1912,1714353736,63083.0,0.0019
1913,1714353736,63090.0,1.28e-06
1914,1714353736,63090.0,0.0517
1915,1714353732,63091.0,0.01300799
1916,1714353723,63092.0,0.00103292
1917,1714353718,63092.0,0.00015031
1918,1714353714,63094.0,0.00079128
1919,1714353704,63091.0,0.00092698
1920,1714353704,63091.0,0.00080131
1921,1714353695,63091.0,0.00085129
1922,1714353685,63103.0,0.00052414
1923,1714353685,63100.0,0.00089433
1924,1714353676,63108.0,0.00085254
1925,1714353671,63091.0,0.00079081
1926,1714353656,63113.0,0.00079113
1927,1714353656,63110.0,0.03961379
1928,1714353648,63110.0,0.00174
1929,1714353642,63117.0,0.00128854
1930,1714353642,63115.0,0.00091666
1931,1714353635,63116.0,0.00013156
1932,1714353628,63122.0,0.00087462
1933,1714353628,63123.0,0.00081931
1934,1714353619,63146.0,0.00084849
1935,1714353615,63146.0,0.00502
1936,1714353614,63148.0,0.00080418
1937,1714353605,63144.0,0.00081133
1938,1714353603,63143.0,0.00424158
1939,1714353603,63141.0,0.03959417
1940,1714353600,63136.0,0.0026112
1941,1714353595,63144.0,0.00091094
1942,1714353592,63148.0,0.03659451
1943,1714353592,63145.0,0.03959159
1944,1714353576,63143.0,0.00080722
1945,1714353567,63142.0,0.00083429
1946,1714353559,63134.0,0.09376647
1947,1714353558,63134.0,0.0005824
1948,1714353558,63132.0,0.00080779
1949,1714353538,63149.0,0.0008758
1950,1714353529,63148.0,0.0009557
1951,1714353528,63139.0,9.284e-05
1952,1714353518,63139.0,0.21896327
1953,1714353518,63137.0,0.03959661
1954,1714353511,63131.0,0.00085393
1955,1714353506,63131.0,0.00036057
1956,1714353496,63132.0,0.15839827
1957,1714353496,63131.0,0.03960034
1958,1714353456,63154.0,0.15835217
1959,1714353456,63152.0,0.03958746
1960,1714353447,63139.0,0.00078765
1961,1714353443,63144.0,0.00078918
1962,1714353438,63138.0,0.00082654
1963,1714353433,63139.0,0.00065962
1964,1714353433,63138.0,0.00089502
1965,1714353423,63145.0,0.00082636
1966,1714353420,63147.0,0.00187
1967,1714353418,63147.0,0.00103219
1968,1714353414,63148.0,0.00081962
1969,1714353413,63149.0,0.00077606
1970,1714353413,63149.0,0.00089955
1971,1714353408,63145.0,0.00084055
1972,1714353403,63153.0,0.12993303
1973,1714353403,63152.0,0.03958753
1974,1714353397,63152.0,0.00087775
1975,1714353396,63151.0,0.00198
1976,1714353392,63156.0,0.00079324
1977,1714353390,63154.0,0.00042
1978,1714353387,63152.0,0.00083065
1979,1714353383,63160.0,0.00082647
1980,1714353379,63161.0,0.00018017
1981,1714353378,63162.0,0.00079636
1982,1714353378,63163.0,0.02073831
1983,1714353378,63162.0,0.03958094
1984,1714353373,63160.0,0.00079316
1985,1714353369,63162.0,0.00046371
1986,1714353368,63160.0,0.00081931
1987,1714353364,63159.0,0.00086092
1988,1714353359,63155.0,0.00227867
1989,1714353359,63155.0,0.00081853
1990,1714353354,63154.0,0.00087934
1991,1714353349,63153.0,0.00050446
1992,1714353349,63151.0,0.00121205
1993,1714353348,63151.0,0.00085768
1994,1714353344,63153.0,0.0005039
1995,1714353343,63151.0,0.0008134
1996,1714353341,63153.0,0.14950251
1997,1714353341,63150.0,0.03958832
1998,1714353339,63159.0,0.00079781
1999,1714353338,63166.0,0.00056
2000,1714353337,63156.0,0.01402121
2001,1714353336,63156.0,0.00074127
2002,1714353334,63157.0,0.0008538
2003,1714353329,63165.0,0.00090595
2004,1714353324,63170.0,0.00080073
2005,1714353319,63160.0,0.00097992
2006,1714353315,63185.0,0.00115863
2007,1714353310,63186.0,0.00082133
2008,1714353305,63186.0,0.00079339
2009,1714353301,63180.0,0.03956977
2010,1714353301,63180.0,0.0089748
2011,1714353300,63174.0,0.0026112
2012,1714353299,63180.0,0.00085755
2013,1714353290,63180.0,0.00090334
2014,1714353285,63180.0,0.00214999
2015,1714353285,63180.0,0.00080667
2016,1714353280,63180.0,0.00089098
2017,1714353273,63171.0,0.00733239
2018,1714353273,63170.0,0.00122941
2019,1714353273,63171.0,0.03957543
2020,1714353273,63170.0,0.02228816
2021,1714353270,63170.0,0.0023
2022,1714353262,63166.0,0.00010834
2023,1714353262,63164.0,0.00069959
2024,1714353261,63157.0,0.00148495
2025,1714353256,63163.0,0.02469108
2026,1714353252,63150.0,0.00079992
2027,1714353242,63152.0,0.00086083
2028,1714353237,63154.0,0.00078886
2029,1714353228,63147.0,0.00082084
2030,1714353218,63140.0,0.00063
2031,1714353218,63140.0,0.00089206
2032,1714353218,63141.0,0.0007939
2033,1714353213,63138.0,0.00081972
2034,1714353212,63136.0,0.00048
2035,1714353208,63137.0,0.0008256
2036,1714353194,63133.0,0.00132
2037,1714353175,63149.0,0.0393489
2038,1714353175,63150.0,0.03958802
2039,1714353175,63151.0,0.005219
2040,1714353175,63155.0,0.23748908
2041,1714353175,63156.0,0.029858
2042,1714353158,63169.0,0.00449847
2043,1714353158,63169.0,0.03957656
2044,1714353114,63176.0,0.00102
2045,1714353095,63195.0,0.005373
2046,1714353095,63190.0,0.11077805
2047,1714353095,63190.0,0.02769449
2048,1714353094,63190.0,0.00167
2049,1714353091,63190.0,0.00081043
2050,1714353086,63193.0,0.00039526
2051,1714353081,63200.0,0.000889
2052,1714353076,63205.0,0.00082016
2053,1714353076,63207.0,0.06585643
2054,1714353076,63205.0,0.005373
2055,1714353076,63201.0,0.11075774
2056,1714353076,63199.0,0.02769065
2057,1714353075,63200.0,0.00146
2058,1714353062,63206.0,0.00506
2059,1714353062,63206.0,0.00080569
2060,1714353061,63207.0,0.00228
2061,1714353052,63204.0,0.00085964
2062,1714353042,63199.0,0.00080602
2063,1714353033,63206.0,9.03e-06
2064,1714353033,63205.0,0.11075073
2065,1714353033,63202.0,0.02768932
2066,1714353032,63198.0,0.00081589
2067,1714353022,63213.0,0.00090046
2068,1714353012,63212.0,0.00081615
2069,1714353007,63208.0,0.00039981
2070,1714353002,63219.0,0.00080707
2071,1714353000,63211.0,0.0026112
2072,1714353000,63220.0,0.11072402
2073,1714353000,63217.0,0.02768253
2074,1714352997,63218.0,0.00058152
2075,1714352988,63215.0,0.00065518
2076,1714352983,63215.0,0.00081831
2077,1714352981,63216.0,0.00043
2078,1714352978,63216.0,0.00087342
2079,1714352973,63216.0,0.00078728
2080,1714352969,63216.0,0.02185835
2081,1714352964,63219.0,0.00084866
2082,1714352955,63195.0,0.0008972
2083,1714352951,63189.0,0.00071372
2084,1714352950,63187.0,7.473e-05
2085,1714352948,63187.0,0.00545627
2086,1714352948,63186.0,0.00220373
2087,1714352935,63182.0,0.00081737
2088,1714352926,63183.0,0.00051916
2089,1714352924,63178.0,0.00152
2090,1714352916,63190.0,0.00099593
2091,1714352910,63208.0,0.00154
2092,1714352907,63210.0,0.00086065
2093,1714352907,63210.0,0.02768562
2094,1714352896,63213.0,0.02768423
2095,1714352889,63227.0,0.00069
2096,1714352885,63227.0,0.00295
2097,1714352866,63227.0,0.00152
2098,1714352857,63223.0,0.00054
2099,1714352830,63230.0,0.00181
2100,1714352810,63222.0,0.00079019
2101,1714352800,63232.0,0.00083609
2102,1714352786,63227.0,0.00085994
2103,1714352786,63225.0,0.02289
2104,1714352785,63216.0,0.00021714
2105,1714352782,63229.0,0.00149986
2106,1714352782,63222.0,0.11072237
2107,1714352782,63220.0,0.02768131
2108,1714352776,63232.0,0.00078631
2109,1714352775,63227.0,0.02767827
2110,1714352775,63227.0,0.01214522
2111,1714352775,63227.0,0.00080887
2112,1714352766,63212.0,0.00078612
2113,1714352751,63212.0,0.00086191
2114,1714352742,63205.0,0.00079009
2115,1714352726,63200.0,0.00064825
2116,1714352723,63208.0,0.00079527
2117,1714352719,63218.0,7.9e-07
2118,1714352719,63215.0,0.11073368
2119,1714352719,63213.0,0.02768438
2120,1714352709,63211.0,0.00114506
2121,1714352700,63206.0,0.0026112
2122,1714352699,63212.0,0.00063
2123,1714352698,63210.0,0.000814
2124,1714352696,63211.0,0.11074052
2125,1714352696,63209.0,0.02768608
2126,1714352693,63209.0,0.00039
2127,1714352684,63210.0,0.00079643
2128,1714352682,63214.0,0.00228
2129,1714352675,63214.0,0.00079436
2130,1714352661,63210.0,0.00080116
2131,1714352658,63181.0,0.00833334
2132,1714352651,63174.0,0.00082391
2133,1714352651,63181.0,0.11712328
2134,1714352651,63181.0,0.02770671
2135,1714352646,63165.0,0.00059756
2136,1714352641,63151.0,0.000856
2137,1714352624,63164.0,0.07448461
2138,1714352624,63161.0,0.02770715
2139,1714352618,63161.0,0.00101097
2140,1714352602,63159.0,0.00061
2141,1714352591,63143.0,0.00157
2142,1714352579,63135.0,0.00303
2143,1714352575,63128.0,0.00099
2144,1714352574,63138.0,0.00048
2145,1714352567,63125.0,0.00069
2146,1714352564,63133.0,0.00475059
2147,1714352564,63143.0,0.02771473
2148,1714352562,63149.0,0.00266
2149,1714352546,63173.0,0.00502
2150,1714352533,63196.0,0.02769202
2151,1714352531,63195.0,0.00089319
2152,1714352528,63199.0,0.00015183
2153,1714352526,63191.0,0.00086536
2154,1714352521,63196.0,0.00079656
2155,1714352510,63191.0,0.08671395
2156,1714352510,63189.0,0.02769491
2157,1714352506,63190.0,0.00083347
2158,1714352492,63223.0,0.00048408
2159,1714352491,63229.0,0.00923071
2160,1714352491,63230.0,0.0008144
2161,1714352480,63256.0,0.00556696
2162,1714352479,63248.0,0.00209394
2163,1714352478,63247.0,0.00087
2164,1714352472,63252.0,0.00081911
2165,1714352471,63252.0,0.00357
2166,1714352467,63255.0,7e-05
2167,1714352467,63248.0,0.00032
2168,1714352446,63235.0,0.00079605
2169,1714352440,63250.0,0.00454
2170,1714352434,63254.0,0.00172
2171,1714352432,63269.0,0.00102107
2172,1714352427,63281.0,0.00078618
2173,1714352426,63273.0,0.00342
2174,1714352413,63246.0,0.01508
2175,1714352413,63247.0,0.00078974
2176,1714352409,63243.0,0.14413246
2177,1714352409,63236.0,0.11069775
2178,1714352409,63234.0,0.02767531
2179,1714352409,63233.0,0.0139044
2180,1714352408,63233.0,0.00067893
2181,1714352407,63233.0,0.00031488
2182,1714352400,63241.0,0.0026112
2183,1714352396,63249.0,0.00079847
2184,1714352391,63252.0,0.00227
2185,1714352391,63250.0,0.00086
2186,1714352378,63246.0,0.0450791
2187,1714352378,63244.0,0.0276709
2188,1714352376,63242.0,9.296e-05
2189,1714352373,63248.0,0.00086979
2190,1714352370,63248.0,0.0004
2191,1714352363,63249.0,0.00084314
2192,1714352358,63244.0,0.00058231
2193,1714352350,63249.0,0.00965111
2194,1714352346,63240.0,0.11068943
2195,1714352346,63239.0,0.02767296
2196,1714352345,63239.0,0.00078589
2197,1714352332,63242.0,0.00152
2198,1714352328,63242.0,0.00086
2199,1714352327,63242.0,0.00014993
2200,1714352325,63242.0,0.00081678
2201,1714352316,63245.0,0.00069012
2202,1714352311,63247.0,0.00081243
2203,1714352291,63245.0,0.02767044
2204,1714352291,63247.0,0.00149576
2205,1714352290,63245.0,0.00060289
2206,1714352253,63236.0,0.00845284
2207,1714352253,63235.0,0.1612
2208,1714352253,63231.0,0.1107058
2209,1714352253,63228.0,0.00833333
2210,1714352244,63232.0,0.00215
2211,1714352243,63232.0,0.00084971
2212,1714352236,63229.0,0.00061931
2213,1714352236,63228.0,0.00120069
2214,1714352225,63226.0,0.00087197
2215,1714352223,63227.0,0.0011
2216,1714352222,63227.0,0.0714821
2217,1714352222,63225.0,0.02767909
2218,1714352211,63227.0,0.00082648
2219,1714352196,63226.0,0.00078637
2220,1714352195,63223.0,0.00109
2221,1714352195,63226.0,0.00058276
2222,1714352182,63227.0,0.00078751
2223,1714352168,63234.0,0.00093278
2224,1714352161,63234.0,0.11070025
2225,1714352161,63231.0,0.02767647
2226,1714352161,63229.0,0.00853566
2227,1714352158,63229.0,0.00088192
2228,1714352153,63229.0,0.00081418
2229,1714352144,63231.0,0.00065673
2230,1714352139,63231.0,0.00078867
2231,1714352129,63247.0,0.00079212
2232,1714352120,63253.0,0.00081874
2233,1714352115,63253.0,0.00043503
2234,1714352110,63253.0,0.00086028
2235,1714352100,63246.0,0.0026112
2236,1714352100,63249.0,0.00080004
2237,1714352098,63253.0,6.91e-06
2238,1714352098,63252.0,0.1106689
2239,1714352098,63252.0,0.0276671
2240,1714352094,63250.0,0.02766815
2241,1714352086,63251.0,0.00103649
2242,1714352067,63231.0,0.0007913
2243,1714352049,63209.0,6.67e-06
2244,1714352049,63207.0,0.11074756
2245,1714352049,63205.0,0.02768785
2246,1714352049,63201.0,0.0030103
2247,1714352043,63201.0,0.00067851
2248,1714352043,63201.0,0.00085452
2249,1714352035,63204.0,0.02768834
2250,1714352033,63206.0,0.00239
2251,1714352033,63204.0,0.00075283
2252,1714352032,63206.0,0.00083287
2253,1714352032,63204.0,0.0021
2254,1714352023,63203.0,0.00056221
2255,1714352023,63201.0,0.00097943
2256,1714352014,63205.0,0.00298
2257,1714352009,63205.0,0.00058146
2258,1714352009,63207.0,0.00053369
2259,1714352009,63204.0,0.00078796
2260,1714351981,63225.0,0.00069
2261,1714351980,63222.0,0.00211803
2262,1714351974,63222.0,0.0518142
2263,1714351974,63219.0,0.02768172
2264,1714351954,63234.0,0.00379
2265,1714351942,63246.0,0.0004
2266,1714351922,63242.0,6.4e-07
2267,1714351921,63240.0,0.02767239
2268,1714351913,63235.0,0.00054
2269,1714351911,63236.0,0.11069643
2270,1714351911,63233.0,0.02767556
2271,1714351903,63234.0,0.01571469
2272,1714351903,63234.0,0.02767531
2273,1714351878,63246.0,0.00089923
2274,1714351874,63244.0,0.06230532
2275,1714351874,63243.0,0.02767104
2276,1714351873,63241.0,0.00056159
2277,1714351873,63241.0,0.00090528
2278,1714351865,63239.0,0.00214
2279,1714351863,63236.0,0.00436
2280,1714351860,63227.0,0.00157
2281,1714351858,63228.0,0.00015455
2282,1714351858,63228.0,0.00060318
2283,1714351857,63231.0,0.00091646
2284,1714351848,63224.0,0.00942938
2285,1714351848,63223.0,0.11072056
2286,1714351848,63220.0,0.02768132
2287,1714351848,63219.0,0.00818451
2288,1714351843,63219.0,0.0008795
2289,1714351839,63221.0,0.00039
2290,1714351838,63221.0,0.0005422
2291,1714351825,63240.0,0.002999
2292,1714351824,63240.0,0.00079688
2293,1714351813,63240.0,0.00749657
2294,1714351810,63249.0,0.00079125
2295,1714351800,63264.0,0.0026112
2296,1714351800,63265.0,0.0007924
2297,1714351792,63267.0,0.11064292
2298,1714351792,63266.0,0.02766113
2299,1714351787,63269.0,0.00215
2300,1714351787,63267.0,0.23709867
2301,1714351787,63266.0,0.02551116
2302,1714351787,63266.0,0.00215
2303,1714351782,63274.0,0.00083522
2304,1714351772,63275.0,0.0008533
2305,1714351763,63276.0,0.00096731
2306,1714351747,63282.0,0.00139
2307,1714351745,63282.0,0.00060591
2308,1714351745,63280.0,0.00027355
2309,1714351735,63268.0,0.00079037
2310,1714351735,63270.0,0.01071
2311,1714351735,63273.0,8.2e-07
2312,1714351735,63270.0,0.11063812
2313,1714351735,63269.0,0.02765991
2314,1714351722,63278.0,0.00084636
2315,1714351708,63267.0,0.00079324
2316,1714351688,63269.0,0.01382848
2317,1714351677,63259.0,0.00015446
2318,1714351673,63263.0,0.07006575
2319,1714351673,63261.0,0.02766329
2320,1714351673,63258.0,0.00833334
2321,1714351670,63260.0,0.00237
2322,1714351652,63272.0,0.00231329
2323,1714351652,63271.0,0.02765888
2324,1714351650,63276.0,8.518e-05
2325,1714351611,63268.0,0.00182
2326,1714351602,63267.0,0.12371287
2327,1714351602,63267.0,0.02766055
2328,1714351602,63265.0,0.23710654
2329,1714351590,63269.0,0.00728
2330,1714351584,63254.0,0.06327993
2331,1714351571,63211.0,0.02768513
2332,1714351571,63211.0,0.02768513
2333,1714351571,63211.0,0.02768513
2334,1714351567,63212.0,0.05315619
2335,1714351567,63211.0,0.02768513
2336,1714351559,63214.0,0.00378
2337,1714351551,63205.0,0.0002952
2338,1714351545,63210.0,0.00075
2339,1714351543,63210.0,0.00719
2340,1714351542,63210.0,0.00089
2341,1714351529,63215.0,0.00150153
2342,1714351507,63225.0,0.00499906
2343,1714351507,63222.0,0.02768026
2344,1714351507,63221.0,0.01458333
2345,1714351500,63204.0,0.0026112
2346,1714351499,63211.0,0.02768517
2347,1714351490,63210.0,0.02768559
2348,1714351490,63209.0,0.01008645
2349,1714351479,63209.0,0.00298688
2350,1714351478,63213.0,0.004999
2351,1714351478,63211.0,4.5e-07
2352,1714351478,63210.0,0.02768568
2353,1714351478,63209.0,0.01666666
2354,1714351453,63202.0,0.00079032
2355,1714351445,63198.0,0.11076445
2356,1714351444,63195.0,0.00047958
2357,1714351443,63195.0,0.02769244
2358,1714351430,63192.0,0.00079048
2359,1714351416,63196.0,0.02769179
2360,1714351398,63197.0,0.11076614
2361,1714351398,63195.0,0.02769224
2362,1714351386,63195.0,0.00154944
2363,1714351380,63195.0,0.0004
2364,1714351379,63197.0,0.00150065
2365,1714351377,63194.0,0.00024012
2366,1714351354,63192.0,0.11077351
2367,1714351354,63189.0,0.02769482
2368,1714351347,63206.0,0.00429
2369,1714351342,63209.0,0.00151
2370,1714351328,63199.0,0.09612416
2371,1714351328,63200.0,0.005245
2372,1714351328,63202.0,0.02768885
2373,1714351328,63204.0,0.005239
2374,1714351326,63211.0,0.02768479
2375,1714351317,63189.0,0.00044442
2376,1714351314,63189.0,0.00103
2377,1714351291,63185.0,0.11078641
2378,1714351291,63183.0,0.02769757
2379,1714351261,63174.0,0.00719
2380,1714351244,63176.0,0.0001501
2381,1714351229,63184.0,0.11078857
2382,1714351229,63182.0,0.02769812
2383,1714351216,63179.0,0.00030022
2384,1714351200,63184.0,0.0026112
2385,1714351188,63172.0,0.00011015
2386,1714351187,63177.0,0.11080042
2387,1714351187,63176.0,0.02770052
2388,1714351175,63175.0,0.00078742
2389,1714351172,63175.0,0.00013221
2390,1714351171,63179.0,0.01663
2391,1714351170,63181.0,0.00048487
2392,1714351167,63180.0,0.1102553
2393,1714351167,63179.0,0.02769938
2394,1714351162,63180.0,0.00054
2395,1714351156,63180.0,0.00086166
2396,1714351142,63174.0,0.00087822
2397,1714351142,63171.0,0.02770274
2398,1714351133,63166.0,0.00932527
2399,1714351119,63171.0,0.00090391
2400,1714351105,63163.0,0.13854054
2401,1714351083,63178.0,0.11079806
2402,1714351083,63175.0,0.02770099
2403,1714351073,63172.0,0.0277023
2404,1714351055,63188.0,0.00226
2405,1714351044,63207.0,4.648e-05
2406,1714351044,63205.0,0.00036909
2407,1714351020,63167.0,0.02464688
2408,1714351019,63165.0,0.00086
2409,1714351016,63165.0,0.00075
2410,1714350994,63215.0,0.00033739
2411,1714350982,63220.0,0.0003091
2412,1714350981,63225.0,0.00185553
2413,1714350981,63226.0,0.00150887
2414,1714350981,63225.0,0.02767909
2415,1714350981,63226.0,0.08454387
2416,1714350981,63225.0,0.02767909
2417,1714350980,63218.0,0.00154554
2418,1714350962,63234.0,0.00299962
2419,1714350962,63232.0,0.11070459
2420,1714350962,63230.0,0.02767713
2421,1714350948,63234.0,5.47e-06
2422,1714350948,63233.0,0.11070259
2423,1714350948,63230.0,0.02767696
2424,1714350941,63239.0,0.00156
2425,1714350937,63238.0,0.00073
2426,1714350918,63237.0,0.01156334
2427,1714350912,63237.0,0.00302
2428,1714350900,63236.0,0.0026112
2429,1714350892,63233.0,0.00151
2430,1714350890,63230.0,0.00039
2431,1714350889,63232.0,0.00078574
2432,1714350888,63230.0,0.00078574
2433,1714350886,63231.0,0.02363015
2434,1714350884,63235.0,0.00235723
2435,1714350884,63232.0,0.00045426
2436,1714350884,63225.0,0.00033148
2437,1714350883,63225.0,0.00105195
2438,1714350878,63225.0,0.00054599
2439,1714350878,63225.0,0.00731544
2440,1714350878,63225.0,0.00157228
2441,1714350878,63225.0,0.00157228
2442,1714350878,63226.0,0.00086058
2443,1714350877,63226.0,0.00094333
2444,1714350873,63240.0,0.00078614
2445,1714350859,63245.0,0.00051515
2446,1714350859,63246.0,0.00079887
2447,1714350850,63225.0,0.00078684
2448,1714350840,63193.0,0.00209394
2449,1714350840,63194.0,0.00052706
2450,1714350831,63191.0,0.00056
2451,1714350831,63188.0,0.00083993
2452,1714350828,63189.0,0.00238
2453,1714350825,63190.0,0.00300155
2454,1714350825,63191.0,0.11077668
2455,1714350825,63189.0,0.02769511
2456,1714350818,63189.0,0.00013803
2457,1714350810,63197.0,0.00043
2458,1714350795,63203.0,0.00185576
2459,1714350791,63209.0,0.02768618
2460,1714350791,63202.0,0.00032
2461,1714350782,63185.0,0.02769662
2462,1714350782,63185.0,0.0003805
2463,1714350772,63185.0,0.00043162
2464,1714350722,63169.0,0.11081446
2465,1714350722,63166.0,0.02770494
2466,1714350718,63168.0,0.00081212
2467,1714350718,63166.0,0.02770499
2468,1714350710,63166.0,0.00039
2469,1714350691,63173.0,0.00167
2470,1714350677,63158.0,0.00143
2471,1714350674,63156.0,0.00178
2472,1714350672,63158.0,0.15974736
2473,1714350672,63157.0,0.1108349
2474,1714350672,63154.0,0.02771004
2475,1714350652,63163.0,0.00299
2476,1714350649,63161.0,0.003
2477,1714350649,63163.0,0.00121
2478,1714350640,63160.0,0.00015466
2479,1714350640,63165.0,0.05982773
2480,1714350632,63181.0,0.00666
2481,1714350618,63217.0,0.00308888
2482,1714350600,63201.0,0.0026112
2483,1714350592,63208.0,0.00090018
2484,1714350585,63205.0,0.11075112
2485,1714350585,63204.0,0.02768846
2486,1714350580,63205.0,0.08195115
2487,1714350570,63209.0,0.00211029
2488,1714350570,63208.0,0.00044971
2489,1714350569,63216.0,0.00043799
2490,1714350564,63200.0,0.0011
2491,1714350553,63205.0,0.00604
2492,1714350508,63223.0,0.00154546
2493,1714350486,63225.0,0.11071596
2494,1714350481,63229.0,0.04862906
2495,1714350481,63226.0,0.11071446
2496,1714350481,63224.0,0.02767936
2497,1714350471,63228.0,0.00029993
2498,1714350456,63238.0,0.0151
2499,1714350430,63218.0,0.02115148
2500,1714350430,63218.0,0.00474492
2501,1714350430,63225.0,0.005741
2502,1714350424,63225.0,0.05619321
2503,1714350424,63225.0,0.02767929
2504,1714350421,63228.0,0.10268279
2505,1714350421,63226.0,0.02767888
2506,1714350410,63228.0,0.00285228
2507,1714350406,63225.0,0.00016494
2508,1714350403,63230.0,0.60978529
2509,1714350403,63227.0,0.11071219
2510,1714350403,63225.0,0.02767907
2511,1714350393,63235.0,0.00863
2512,1714350385,63233.0,7.957e-05
2513,1714350385,63232.0,0.00053043
2514,1714350360,63214.0,0.02768391
2515,1714350348,63207.0,0.00051778
2516,1714350338,63217.0,0.00039173
2517,1714350318,63225.0,0.00156
2518,1714350310,63225.0,0.02767909
2519,1714350302,63231.0,0.00458777
2520,1714350300,63226.0,0.0026112
2521,1714350295,63226.0,0.0009
2522,1714350283,63217.0,0.02768263
2523,1714350273,63216.0,0.00242
2524,1714350270,63219.0,0.00236929
2525,1714350270,63219.0,0.00077071
2526,1714350265,63214.0,0.00075294
2527,1714350261,63225.0,0.002541
2528,1714350261,63224.0,0.006019
2529,1714350197,63241.0,0.11068768
2530,1714350197,63239.0,0.02767308
2531,1714350193,63246.0,0.00718
2532,1714350192,63249.0,0.00171
2533,1714350189,63249.0,0.00204316
2534,1714350183,63248.0,0.00015932
2535,1714350179,63240.0,4.9e-07
2536,1714350179,63233.0,0.02767557
2537,1714350178,63233.0,0.00589
2538,1714350178,63233.0,0.11070232
2539,1714350178,63231.0,0.02767638
2540,1714350172,63231.0,0.00044
2541,1714350160,63230.0,9.271e-05
2542,1714350157,63232.0,0.00635951
2543,1714350154,63236.0,0.00302
2544,1714350125,63221.0,0.0006457
2545,1714350119,63223.0,0.02768006
2546,1714350101,63218.0,0.00031501
2547,1714350099,63220.0,0.00056988
2548,1714350094,63211.0,0.0020674
2549,1714350065,63212.0,0.0015
2550,1714350055,63219.0,0.467859
2551,1714350047,63215.0,0.00057
2552,1714350007,63265.0,0.00158043
2553,1714350000,63268.0,0.0026112
2554,1714349991,63273.0,0.02526405
2555,1714349991,63273.0,0.00110831
2556,1714349985,63273.0,0.00099
2557,1714349983,63275.0,0.11062821
2558,1714349983,63274.0,0.02765764
2559,1714349983,63273.0,0.02216622
2560,1714349971,63272.0,0.00502
2561,1714349957,63270.0,0.00154
2562,1714349938,63255.0,0.07
2563,1714349931,63249.0,0.00295
2564,1714349928,63255.0,0.06827189
2565,1714349928,63254.0,0.02766652
2566,1714349928,63253.0,0.029858
2567,1714349922,63253.0,0.00041
2568,1714349889,63248.0,0.00833334
2569,1714349873,63238.0,0.029858
2570,1714349865,63257.0,0.02766492
2571,1714349865,63257.0,0.11065968
2572,1714349819,63278.0,0.02765594
2573,1714349819,63275.0,0.01458333
2574,1714349812,63289.0,0.00194
2575,1714349767,63201.0,0.63170509
2576,1714349767,63205.0,0.11075049
2577,1714349767,63207.0,0.02768642
2578,1714349767,63208.0,0.029858
2579,1714349765,63203.0,0.31407973
2580,1714349765,63203.0,0.69048
2581,1714349765,63205.0,0.1612
2582,1714349765,63205.0,0.11075049
2583,1714349765,63206.0,0.00474585
2584,1714349765,63208.0,0.1612
2585,1714349765,63208.0,0.029858
2586,1714349765,63209.0,0.02768593
2587,1714349764,63231.0,0.06327169
2588,1714349738,63279.0,0.11567839
2589,1714349738,63277.0,0.11062471
2590,1714349728,63287.0,0.23796119
2591,1714349728,63287.0,0.3613537
2592,1714349728,63287.0,0.20068511
2593,1714349728,63287.0,0.00189682
2594,1714349728,63287.0,0.17401579
2595,1714349728,63287.0,0.34097399
2596,1714349721,63280.0,0.09478815
2597,1714349721,63280.0,0.36070152
2598,1714349721,63280.0,0.33034454
2599,1714349721,63280.0,0.31781987
2600,1714349720,63280.0,0.00010492
2601,1714349718,63265.0,0.22430356
2602,1714349718,63265.0,0.32488155
2603,1714349715,63265.0,0.25081489
2604,1714349700,63279.0,0.0026112
2605,1714349694,63272.0,0.00189946
2606,1714349694,63265.0,0.00217114
2607,1714349694,63265.0,0.04665698
2608,1714349694,63265.0,0.32870639
2609,1714349694,63265.0,0.43064404
2610,1714349694,63265.0,0.1
2611,1714349694,63265.0,0.27195
2612,1714349676,63264.0,0.23716952
2613,1714349676,63263.0,0.02766243
2614,1714349676,63263.0,0.00066247
2615,1714349676,63257.0,0.00021176
2616,1714349666,63257.0,0.00029983
2617,1714349648,63249.0,0.001
2618,1714349639,63249.0,0.00165
2619,1714349637,63250.0,0.12096274
2620,1714349637,63250.0,0.00313095
2621,1714349618,63257.0,0.00151
2622,1714349618,63257.0,0.00014991
2623,1714349614,63249.0,0.19301965
2624,1714349614,63249.0,0.32238279
2625,1714349614,63249.0,0.00190038
2626,1714349612,63242.0,0.16380367
2627,1714349612,63242.0,0.33646992
2628,1714349593,63210.0,0.00553351
2629,1714349577,63216.0,0.11073219
2630,1714349577,63215.0,0.02768366
2631,1714349574,63214.0,0.00227
2632,1714349569,63217.0,0.00014699
2633,1714349552,63215.0,0.11073358
2634,1714349552,63209.0,0.00833333
2635,1714349547,63219.0,0.00059999
2636,1714349537,63222.0,9.599e-05
2637,1714349518,63221.0,0.01324939
2638,1714349518,63221.0,0.23662044
2639,1714349517,63221.0,0.000653
2640,1714349492,63222.0,0.00541879
2641,1714349484,63238.0,0.00059
2642,1714349464,63230.0,0.068
2643,1714349463,63241.0,0.048
2644,1714349463,63241.0,0.11068768
2645,1714349463,63241.0,0.01767192
2646,1714349463,63241.0,0.01
2647,1714349457,63242.0,0.07
2648,1714349448,63242.0,0.01884781
2649,1714349448,63242.0,0.00217219
2650,1714349444,63240.0,0.05791468
2651,1714349444,63239.0,0.02767299
2652,1714349444,63238.0,0.029858
2653,1714349444,63234.0,0.05357373
2654,1714349438,63231.0,0.00010962
2655,1714349436,63229.0,0.00074
2656,1714349425,63234.0,0.46199173
2657,1714349425,63234.0,0.00117027
2658,1714349417,63234.0,0.00073071
2659,1714349416,63229.0,0.00039003
2660,1714349416,63227.0,0.01458333
2661,1714349416,63227.0,0.02061934
2662,1714349416,63227.0,0.5019913
2663,1714349402,63227.0,0.00112
2664,1714349400,63226.0,0.0026112
2665,1714349397,63227.0,0.06557712
2666,1714349397,63227.0,0.00112288
2667,1714349382,63227.0,0.00059
2668,1714349364,63209.0,0.23731999
2669,1714349360,63211.0,0.00120026
2670,1714349351,63226.0,0.041
2671,1714349332,63227.0,0.00046
2672,1714349326,63220.0,0.00197
2673,1714349318,63226.0,0.00027202
2674,1714349314,63219.0,0.01435466
2675,1714349314,63219.0,0.32475505
2676,1714349313,63219.0,0.25029748
2677,1714349313,63219.0,0.00217324
2678,1714349293,63196.0,0.00015002
2679,1714349291,63195.0,0.0030014
2680,1714349277,63193.0,0.13570356
2681,1714349277,63194.0,0.22729046
2682,1714349274,63194.0,0.01009
2683,1714349271,63193.0,0.02769304
2684,1714349258,63194.0,0.00833333
2685,1714349243,63206.0,0.00022739
2686,1714349238,63211.0,0.48025814
2687,1714349238,63211.0,0.03555746
2688,1714349238,63211.0,0.0019019
2689,1714349238,63204.0,0.57176764
2690,1714349238,63204.0,0.01782607
2691,1714349238,63204.0,0.00217393
2692,1714349236,63196.0,0.0019025
2693,1714349236,63196.0,0.1505171
2694,1714349236,63196.0,0.36546176
2695,1714349235,63189.0,0.00217462
2696,1714349235,63189.0,0.26563305
2697,1714349235,63189.0,0.32414733
2698,1714349235,63181.0,0.0019031
2699,1714349235,63181.0,0.1823748
2700,1714349235,63181.0,0.33376743
2701,1714349232,63174.0,0.00217531
2702,1714349232,63174.0,0.25843814
2703,1714349232,63174.0,0.32233896
2704,1714349231,63174.0,0.00163
2705,1714349228,63174.0,0.00756
2706,1714349222,63166.0,0.00217568
2707,1714349222,63166.0,0.26987027
2708,1714349222,63166.0,0.32019644
2709,1714349215,63161.0,0.00166
2710,1714349184,63160.0,0.00030026
2711,1714349178,63157.0,0.23751389
2712,1714349169,63158.0,0.00190403
2713,1714349169,63158.0,0.16937004
2714,1714349169,63158.0,0.34642221
2715,1714349144,63157.0,0.01878671
2716,1714349143,63158.0,0.00045045
2717,1714349139,63158.0,0.00015015
2718,1714349128,63157.0,0.026608
2719,1714349128,63157.0,0.00325
2720,1714349128,63157.0,0.00731
2721,1714349128,63157.0,0.022
2722,1714349122,63157.0,0.00029279
2723,1714349120,63157.0,0.00068
2724,1714349118,63151.0,0.03124
2725,1714349118,63151.0,0.00833334
2726,1714349118,63151.0,0.22707033
2727,1714349118,63151.0,0.36318325
2728,1714349118,63151.0,0.00217637
2729,1714349108,63143.0,0.14212187
2730,1714349108,63143.0,0.37443454
2731,1714349108,63143.0,0.00190463
2732,1714349103,63139.0,0.00307
2733,1714349100,63129.0,0.0026112
2734,1714349078,63128.0,0.0001485
2735,1714349069,63136.0,0.0005
2736,1714349054,63142.0,0.00056
2737,1714349041,63120.0,0.00150246
2738,1714349023,63121.0,0.00039616
2739,1714349015,63126.0,0.00231
2740,1714349008,63099.0,0.00048215
2741,1714348992,63074.0,0.00074228
2742,1714348979,63063.0,0.00104258
2743,1714348952,63109.0,0.008533
2744,1714348927,63139.0,0.00629509
2745,1714348927,63136.0,0.11087176
2746,1714348927,63133.0,0.0277195
2747,1714348915,63122.0,0.01665236
2748,1714348915,63118.0,0.11090459
2749,1714348915,63118.0,0.02772592
2750,1714348900,63105.0,0.00833333
2751,1714348894,63100.0,0.00251
2752,1714348888,63093.0,0.00031004
2753,1714348884,63094.0,0.00090228
2754,1714348881,63083.0,0.00119
2755,1714348880,63076.0,0.00032
2756,1714348875,63062.0,0.01656648
2757,1714348875,63059.0,0.01758335
2758,1714348875,63057.0,0.0047596
2759,1714348875,63051.0,0.1612
2760,1714348875,63050.0,0.04760036
2761,1714348875,63037.0,0.06349075
2762,1714348838,63049.0,0.24758939
2763,1714348838,63049.0,0.40641061
2764,1714348835,63079.0,0.00227
2765,1714348804,63100.0,0.21497579
2766,1714348800,63106.0,0.0026112
2767,1714348777,63098.0,0.01905676
2768,1714348777,63096.0,0.02773589
2769,1714348756,63121.0,0.00225
2770,1714348742,63110.0,0.01899602
2771,1714348742,63109.0,0.11092036
2772,1714348742,63106.0,0.02773111
2773,1714348738,63106.0,0.00448664
2774,1714348738,63120.0,0.006
2775,1714348738,63120.0,0.02
2776,1714348717,63121.0,0.00544
2777,1714348704,63126.0,8.714e-05
2778,1714348682,63114.0,0.02772774
2779,1714348682,63113.0,0.23767497
2780,1714348677,63115.0,0.0736
2781,1714348672,63119.0,0.00115057
2782,1714348642,63091.0,0.00015032
2783,1714348628,63096.0,0.00083
2784,1714348620,63120.0,0.17148469
2785,1714348610,63136.0,0.24613344
2786,1714348610,63136.0,0.34430713
2787,1714348610,63136.0,0.00142558
2788,1714348608,63136.0,0.00075147
2789,1714348605,63128.0,0.23526286
2790,1714348605,63128.0,0.28145721
2791,1714348605,63128.0,0.00190523
2792,1714348605,63121.0,0.11468337
2793,1714348604,63121.0,0.15466
2794,1714348604,63121.0,0.11346702
2795,1714348604,63121.0,0.20781727
2796,1714348604,63121.0,0.00217774
2797,1714348604,63113.0,0.59072749
2798,1714348604,63113.0,0.00217811
2799,1714348604,63105.0,0.13354096
2800,1714348604,63105.0,0.0002
2801,1714348604,63105.0,0.0038
2802,1714348603,63105.0,0.37942935
2803,1714348603,63105.0,0.00190616
2804,1714348603,63102.0,0.00077396
2805,1714348603,63098.0,0.16365724
2806,1714348602,63097.0,0.00098009
2807,1714348598,63098.0,0.42725649
2808,1714348598,63098.0,0.0021788
2809,1714348598,63090.0,0.19516085
2810,1714348583,63090.0,0.00273
2811,1714348582,63090.0,0.00054
2812,1714348577,63090.0,0.31870336
2813,1714348577,63090.0,0.00190676
2814,1714348577,63083.0,0.00217949
2815,1714348577,63083.0,0.00550854
2816,1714348577,63083.0,0.58364358
2817,1714348552,63079.0,0.02948848
2818,1714348552,63079.0,0.02774298
2819,1714348539,63079.0,0.00333
2820,1714348531,63080.0,0.00083
2821,1714348523,63083.0,0.00075
2822,1714348520,63083.0,0.00119815
2823,1714348520,63079.0,3.7e-07
2824,1714348520,63071.0,0.06471468
2825,1714348518,63073.0,0.02774532
2826,1714348518,63075.0,0.0001143
2827,1714348508,63054.0,0.00113
2828,1714348500,63053.0,0.0026112
2829,1714348476,63046.0,0.02775751
2830,1714348476,63048.0,0.11102704
2831,1714348474,63047.0,0.0004
2832,1714348473,63047.0,0.00222612
2833,1714348469,63047.0,0.00113
2834,1714348461,63050.0,0.00030083
2835,1714348405,63061.0,0.02775113
2836,1714348405,63060.0,0.029858
2837,1714348402,63062.0,0.00503
2838,1714348393,63065.0,0.00064
2839,1714348384,63066.0,0.00137
2840,1714348384,63063.0,0.00285
2841,1714348340,63052.0,0.00214
2842,1714348326,63067.0,0.00125
2843,1714348325,63065.0,0.0003008
2844,1714348315,63058.0,0.00452053
2845,1714348315,63057.0,0.02775304
2846,1714348315,63058.0,0.11100891
2847,1714348315,63057.0,0.02775304
2848,1714348312,63059.0,0.02985756
2849,1714348312,63058.0,0.02775235
2850,1714348278,63062.0,0.00155
2851,1714348271,63026.0,0.00108
2852,1714348261,63062.0,0.00379702
2853,1714348260,63062.0,0.00090302
2854,1714348246,63018.0,9.028e-05
2855,1714348230,63054.0,0.0227
2856,1714348223,63063.0,0.0046
2857,1714348217,63050.0,0.01458334
2858,1714348211,63054.0,0.002411
2859,1714348200,63078.0,0.0026112
2860,1714348195,63075.0,0.00190737
2861,1714348195,63075.0,0.19601495
2862,1714348195,63075.0,0.32128252
2863,1714348195,63074.0,0.017
2864,1714348192,63068.0,0.00218018
2865,1714348192,63068.0,0.1184282
2866,1714348192,63068.0,0.452365
2867,1714348186,63068.0,0.00601453
2868,1714348182,63068.0,0.01448
2869,1714348175,63060.0,0.00218055
2870,1714348175,63060.0,0.24105494
2871,1714348175,63060.0,0.35033277
2872,1714348175,63052.0,0.00190829
2873,1714348175,63052.0,0.19569825
2874,1714348174,63052.0,0.0020508
2875,1714348174,63052.0,0.29
2876,1714348174,63052.0,0.0114
2877,1714348174,63052.0,0.0015
2878,1714348174,63052.0,0.0014
2879,1714348174,63052.0,0.0002
2880,1714348174,63052.0,0.0021
2881,1714348174,63052.0,0.0008
2882,1714348174,63052.0,0.0072
2883,1714348174,63052.0,0.0019
2884,1714348174,63052.0,0.0023
2885,1714348174,63052.0,0.0003
2886,1714348174,63052.0,0.0007
2887,1714348174,63045.0,6.57e-06
2888,1714348174,63045.0,0.00217467
2889,1714348174,63045.0,0.59157533
2890,1714348174,63037.0,1.745e-05
2891,1714348174,63037.0,0.00189145
2892,1714348174,63037.0,0.00022181
2893,1714348174,63037.0,0.00371674
2894,1714348174,63037.0,0.15
2895,1714348174,63037.0,0.36399654
2896,1714348174,63030.0,0.59176493
2897,1714348174,63030.0,0.00218193
2898,1714348173,63022.0,0.04576456
2899,1714348173,63022.0,0.00584179
2900,1714348173,63022.0,0.02025821
2901,1714348173,63022.0,0.00205178
2902,1714348173,63022.0,0.14
2903,1714348173,63022.0,0.0126
2904,1714348173,63022.0,0.0488
2905,1714348173,63022.0,0.0591
2906,1714348173,63022.0,0.18
2907,1714348173,63022.0,1.05324481
2908,1714348173,63022.0,1.04083177
2909,1714348173,63022.0,0.1491
2910,1714348173,63022.0,0.44
2911,1714348173,63022.0,2.52
2912,1714348173,63022.0,1.14312516
2913,1714348173,63022.0,0.1053
2914,1714348173,63022.0,0.22
2915,1714348173,63022.0,0.86502311
2916,1714348173,63022.0,0.0026
2917,1714348173,63022.0,0.1529
2918,1714348173,63022.0,0.0064
2919,1714348173,63022.0,0.066
2920,1714348173,63022.0,0.0021
2921,1714348173,63022.0,0.0181
2922,1714348173,63022.0,0.5607556
2923,1714348173,63022.0,0.1612
2924,1714348173,63022.0,0.0154
2925,1714348173,63022.0,0.1612
2926,1714348173,63022.0,0.0067
2927,1714348173,63022.0,0.0392
2928,1714348173,63022.0,0.18
2929,1714348173,63022.0,0.0034
2930,1714348173,63022.0,0.56016882
2931,1714348173,63022.0,0.38
2932,1714348173,63022.0,0.41238317
2933,1714348173,63022.0,2.07167
2934,1714348173,63022.0,1.1133
2935,1714348173,63022.0,0.0833
2936,1714348173,63020.0,3.34e-06
2937,1714348173,63020.0,0.00833
2938,1714348158,62994.0,9.305e-05
2939,1714348135,63004.0,0.01517
2940,1714348118,62998.0,0.00075
2941,1714348114,63004.0,0.00334
2942,1714348076,62999.0,0.00314
2943,1714348072,63000.0,0.00228
2944,1714348069,62997.0,0.029858
2945,1714348068,62979.0,0.026
2946,1714348039,62949.0,0.022
2947,1714348031,62924.0,0.00092954
2948,1714348012,62883.0,0.00186
2949,1714348005,62894.0,0.00241766
2950,1714347967,62935.0,0.00041601
2951,1714347956,62959.0,0.08735644
2952,1714347956,62958.0,0.029858
2953,1714347956,62952.0,0.1
2954,1714347948,62964.0,0.082
2955,1714347948,62964.0,0.029858
2956,1714347948,62964.0,0.00855799
2957,1714347939,62964.0,0.00602534
2958,1714347934,62972.0,0.00075316
2959,1714347902,62960.0,0.015
2960,1714347900,62920.0,0.0026112
2961,1714347891,62932.0,0.00017179
2962,1714347878,62939.0,0.08842
2963,1714347878,62938.0,0.076
2964,1714347876,62939.0,0.01158
2965,1714347867,62945.0,0.00030127
2966,1714347861,62954.0,9.037e-05
2967,1714347853,62960.0,0.00064
2968,1714347840,62954.0,0.00083418
2969,1714347823,62956.0,0.00153946
2970,1714347812,62929.0,9.333e-05
2971,1714347812,62929.0,0.0077
2972,1714347790,62930.0,0.045177
2973,1714347790,62931.0,0.029858
2974,1714347779,62931.0,0.00054
2975,1714347774,62919.0,0.00182
2976,1714347773,62908.0,0.01105321
2977,1714347763,62893.0,0.00060273
2978,1714347749,62938.0,0.00478598
2979,1714347748,62935.0,1.667e-05
2980,1714347748,62935.0,0.0729
2981,1714347743,62932.0,0.02989133
2982,1714347743,62932.0,0.003442
2983,1714347743,62931.0,0.029858
2984,1714347739,62920.0,0.0298
2985,1714347727,62908.0,0.26611885
2986,1714347727,62908.0,0.1314
2987,1714347727,62906.0,5.8e-05
2988,1714347727,62906.0,0.0298
2989,1714347722,62887.0,0.00175
2990,1714347713,62890.0,0.00039338
2991,1714347676,62832.0,0.00432
2992,1714347675,62826.0,0.0002223
2993,1714347645,62833.0,0.00144831
2994,1714347643,62833.0,0.00192803
2995,1714347643,62833.0,0.04833336
2996,1714347643,62833.0,0.46166664
2997,1714347632,62862.0,0.00905121
2998,1714347626,62857.0,0.00283758
2999,1714347626,62856.0,0.00527442
3000,1714347626,62855.0,0.029858
3001,1714347600,62850.0,0.0026112
3002,1714347594,62869.0,0.00149
3003,1714347589,62855.0,0.00043909
3004,1714347576,62833.0,0.0003264
3005,1714347548,62833.0,0.01
3006,1714347547,62833.0,0.12
3007,1714347546,62833.0,0.00219603
3008,1714347545,62841.0,0.51982995
3009,1714347545,62848.0,0.594
